time,symbol,quantity,price,side
2021-03-01 10:04:23,A,200,23.86,BUY
2021-03-01 10:05:55,B,100,23.79,BUY
2021-03-01 10:09:20,A,300,23.89,BUY
2021-03-01 10:12:08,A,200,23.85,SELL
2021-03-01 10:15:06,A,100,23.74,BUY
2021-03-01 10:16:45,A,300,23.95,BUY
2021-03-01 10:21:02,A,400,23.94,BUY
2021-03-01 10:25:03,B,100,23.72,SELL
2021-03-01 10:28:44,B,300,23.98,BUY
2021-03-01 10:30:42,A,400,23.89,SELL
2021-03-01 10:31:53,A,400,24.0,SELL
2021-03-01 10:35:48,B,300,23.77,SELL
2021-03-01 10:37:12,B,300,23.98,BUY
2021-03-01 10:41:29,A,300,23.84,SELL
2021-03-01 10:45:41,A,100,23.85,BUY
2021-03-01 10:48:53,A,200,23.79,BUY
2021-03-01 10:49:01,A,100,23.82,SELL
2021-03-01 10:52:43,B,100,23.93,SELL
2021-03-01 10:54:01,A,100,23.89,SELL
2021-03-01 10:56:25,B,100,23.77,SELL
2021-03-01 11:00:59,A,200,23.9,BUY
2021-03-01 11:02:02,B,300,23.92,BUY
2021-03-01 11:06:21,A,300,23.92,SELL
2021-03-01 11:09:04,A,200,23.95,BUY
2021-03-01 11:11:13,A,200,23.79,SELL
2021-03-01 11:12:53,A,200,23.75,BUY
2021-03-01 11:13:00,B,300,23.89,BUY
2021-03-01 11:17:56,A,200,23.9,BUY
2021-03-01 11:20:47,B,300,23.93,BUY
2021-03-01 11:23:55,A,300,23.77,BUY
2021-03-01 11:24:49,A,400,23.87,BUY
2021-03-01 11:28:55,A,300,23.92,SELL
2021-03-01 11:30:06,B,200,23.87,SELL
2021-03-01 11:33:40,B,100,23.8,BUY
2021-03-01 11:36:35,A,200,23.98,SELL
2021-03-01 11:37:18,B,200,23.92,BUY
2021-03-01 11:40:41,A,400,23.8,BUY
2021-03-01 11:43:26,A,100,24.0,SELL
2021-03-01 11:44:34,B,200,23.78,BUY
2021-03-01 11:47:37,A,100,23.91,BUY
2021-03-01 11:49:08,B,300,23.78,SELL
2021-03-01 11:49:37,B,100,23.78,SELL
2021-03-01 11:53:33,A,100,23.82,SELL
2021-03-01 11:56:50,A,200,23.89,SELL
2021-03-01 12:00:43,A,300,23.84,BUY
2021-03-01 12:02:40,B,300,23.92,SELL
2021-03-01 12:06:43,B,100,23.8,SELL
2021-03-01 12:07:30,B,300,23.93,SELL
2021-03-01 12:10:53,B,300,23.86,BUY
2021-03-01 12:12:41,B,200,23.96,BUY
2021-03-01 12:14:30,B,100,23.82,SELL
2021-03-01 12:16:17,A,200,23.93,SELL
2021-03-01 12:16:24,B,100,23.94,BUY
2021-03-01 12:21:13,B,200,23.94,SELL
2021-03-01 12:22:42,A,100,23.75,SELL
2021-03-01 12:23:16,B,100,23.95,BUY
2021-03-01 12:25:49,A,200,23.78,BUY
2021-03-01 12:28:12,B,400,23.79,SELL
2021-03-01 12:30:27,B,200,23.96,BUY
2021-03-01 12:31:26,A,300,23.77,BUY
2021-03-01 12:32:49,A,500,23.71,SELL
2021-03-01 12:33:56,B,200,23.93,BUY
2021-03-01 12:36:47,B,100,23.7,BUY
2021-03-01 12:39:58,B,400,23.89,BUY
2021-03-01 12:42:59,B,300,23.89,SELL
2021-03-01 12:45:54,B,100,23.99,SELL
2021-03-01 12:45:55,A,100,23.87,BUY
2021-03-01 12:50:44,B,300,23.86,BUY
2021-03-01 12:52:11,B,300,23.73,SELL
2021-03-01 12:54:36,B,200,23.9,BUY
2021-03-01 12:58:10,B,100,23.91,BUY
2021-03-01 12:58:31,A,200,23.77,BUY
2021-03-01 12:59:31,A,300,23.8,BUY
2021-03-01 13:03:55,B,300,23.94,SELL
2021-03-01 13:07:42,A,200,23.74,BUY
2021-03-01 13:09:56,B,300,23.97,SELL
2021-03-01 13:12:27,B,200,23.85,BUY
2021-03-01 13:15:32,A,300,23.82,BUY
2021-03-01 13:18:51,A,400,23.84,SELL
2021-03-01 13:20:40,B,100,23.94,BUY
2021-03-01 13:24:56,A,100,23.76,SELL
2021-03-01 13:28:13,A,300,23.97,BUY
2021-03-01 13:32:40,A,100,23.93,BUY
2021-03-01 13:34:35,A,100,23.83,SELL
2021-03-01 13:38:57,B,300,23.86,BUY
2021-03-01 13:39:55,B,200,23.7,BUY
2021-03-01 13:43:38,A,100,23.77,SELL
2021-03-01 13:45:18,B,200,23.91,SELL
2021-03-01 13:47:43,A,300,23.79,BUY
2021-03-01 13:51:13,A,200,23.94,BUY
2021-03-01 13:52:41,B,100,23.71,BUY
2021-03-01 13:55:01,A,300,23.74,SELL
2021-03-01 13:55:30,B,200,23.8,BUY
2021-03-01 13:59:20,B,200,23.96,SELL
2021-03-01 14:02:14,B,400,23.72,SELL
2021-03-01 14:02:15,A,300,23.72,SELL
2021-03-01 14:05:41,B,300,23.97,BUY
2021-03-01 14:08:50,A,100,23.77,SELL
2021-03-01 14:10:09,A,200,23.7,BUY
2021-03-01 14:10:33,A,300,23.7,SELL
2021-03-01 14:12:48,B,300,23.93,BUY
2021-03-01 14:14:16,A,400,23.89,BUY
2021-03-01 14:15:25,B,400,23.86,SELL
2021-03-01 14:18:36,B,100,23.88,BUY
2021-03-01 14:21:07,B,400,23.75,BUY
2021-03-01 14:24:50,A,400,23.76,BUY
2021-03-01 14:26:11,A,500,23.77,SELL
2021-03-01 14:29:29,A,200,23.71,SELL
2021-03-01 14:32:53,A,300,23.88,SELL
2021-03-01 14:35:39,A,200,23.78,BUY
2021-03-01 14:37:37,A,300,23.7,BUY
2021-03-01 14:41:53,A,300,23.7,BUY
2021-03-01 14:46:16,A,200,23.86,BUY
2021-03-01 14:50:11,B,400,23.84,SELL
2021-03-01 14:50:46,B,300,23.84,SELL
2021-03-01 14:51:57,B,200,23.84,BUY
2021-03-01 14:54:55,A,400,23.85,SELL
2021-03-01 14:55:37,A,300,23.71,SELL
2021-03-01 14:59:23,B,300,23.83,SELL
2021-03-01 15:02:01,B,100,23.74,BUY
2021-03-01 15:05:51,B,300,23.99,SELL
2021-03-01 15:07:27,A,200,23.91,SELL
2021-03-01 15:11:38,B,100,23.88,BUY
2021-03-01 15:14:03,B,100,23.82,SELL
2021-03-01 15:14:06,A,200,23.82,SELL
2021-03-01 15:15:54,A,400,23.84,SELL
2021-03-01 15:17:58,A,500,23.74,BUY
2021-03-01 15:21:57,A,300,23.7,SELL
2021-03-01 15:22:13,A,300,23.76,BUY
2021-03-01 15:23:57,B,400,23.89,BUY
2021-03-01 15:27:08,A,300,23.71,SELL
2021-03-01 15:31:17,A,300,23.8,BUY
2021-03-01 15:34:15,B,300,23.87,BUY
2021-03-01 15:39:07,A,300,23.72,BUY
2021-03-01 15:39:45,A,300,23.72,SELL
2021-03-01 15:44:41,A,400,23.79,SELL
2021-03-01 15:45:59,B,500,23.94,BUY
2021-03-01 15:50:52,A,200,23.84,SELL
2021-03-01 15:53:56,A,300,23.76,SELL
2021-03-01 15:56:51,A,100,23.87,SELL
2021-03-01 16:01:34,A,400,23.77,BUY
2021-03-01 16:03:35,A,200,23.77,BUY
2021-03-01 16:05:10,A,300,23.79,SELL
2021-03-01 16:06:01,B,200,23.81,BUY
2021-03-01 16:08:03,A,200,23.71,BUY
2021-03-01 16:10:00,A,300,23.79,SELL
2021-03-01 16:11:51,B,200,23.97,BUY
2021-03-01 16:13:12,B,200,23.89,SELL
2021-03-01 16:13:48,B,100,23.89,BUY
2021-03-01 16:15:10,B,100,23.72,BUY
2021-03-01 16:18:09,B,300,23.72,BUY
2021-03-01 16:21:00,B,400,23.71,SELL
2021-03-01 16:21:10,B,100,23.71,BUY
2021-03-01 16:25:25,B,300,23.77,SELL
2021-03-01 16:27:13,B,100,23.78,BUY
2021-03-01 16:28:47,A,200,23.82,SELL
2021-03-01 16:31:58,B,300,23.95,SELL
2021-03-01 16:35:42,B,100,23.82,BUY
2021-03-01 16:38:29,A,100,23.83,BUY
2021-03-01 16:42:53,A,100,23.85,BUY
2021-03-01 16:46:05,B,300,23.74,SELL
2021-03-01 16:49:48,A,300,23.82,BUY
2021-03-01 16:52:34,A,200,23.9,SELL
2021-03-01 16:54:58,B,200,24.0,SELL
2021-03-01 16:59:24,A,100,23.94,SELL
2021-03-01 17:03:10,A,200,23.96,SELL
2021-03-01 17:06:51,A,300,23.79,BUY
2021-03-01 17:07:37,A,400,23.83,BUY
2021-03-01 17:08:05,A,200,23.78,SELL
2021-03-01 17:09:31,B,100,23.96,BUY
2021-03-01 17:09:58,B,400,23.96,BUY
2021-03-01 17:11:06,B,300,23.72,BUY
2021-03-01 17:13:52,B,300,23.84,SELL
2021-03-01 17:17:12,A,300,23.93,BUY
2021-03-01 17:21:33,A,300,23.8,SELL
2021-03-01 17:26:14,A,100,23.97,SELL
2021-03-01 17:28:36,B,100,24.0,BUY
2021-03-01 17:30:22,B,300,23.97,BUY
2021-03-01 17:30:34,B,200,23.97,BUY
2021-03-01 17:35:12,B,300,23.72,BUY
2021-03-01 17:40:09,A,400,23.83,BUY
2021-03-01 17:45:07,A,100,23.96,SELL
2021-03-01 17:45:59,B,500,23.9,BUY
2021-03-01 17:49:05,A,100,23.7,SELL
2021-03-01 17:51:50,B,300,23.74,SELL
2021-03-01 17:54:39,B,400,23.93,SELL
2021-03-01 17:59:12,A,400,23.78,BUY
2021-03-02 10:01:01,A,200,23.97,SELL
2021-03-02 10:04:29,B,500,23.94,BUY
2021-03-02 10:06:35,B,300,23.91,SELL
2021-03-02 10:11:20,B,300,23.86,BUY
2021-03-02 10:15:39,B,200,23.8,SELL
2021-03-02 10:19:48,B,300,23.91,SELL
2021-03-02 10:23:40,B,400,23.93,BUY
2021-03-02 10:28:01,A,300,23.9,SELL
2021-03-02 10:32:48,B,300,23.72,SELL
2021-03-02 10:36:13,A,300,23.93,SELL
2021-03-02 10:36:35,B,400,23.79,BUY
2021-03-02 10:41:04,B,100,23.96,BUY
2021-03-02 10:43:42,A,500,23.87,BUY
2021-03-02 10:47:13,A,500,23.84,BUY
2021-03-02 10:48:26,B,300,23.97,SELL
2021-03-02 10:50:53,B,200,23.71,BUY
2021-03-02 10:53:29,B,300,23.76,SELL
2021-03-02 10:54:08,A,400,23.89,SELL
2021-03-02 10:57:25,A,100,23.94,SELL
2021-03-02 10:58:45,B,200,23.93,BUY
2021-03-02 10:58:51,A,300,23.91,BUY
2021-03-02 11:00:07,A,400,23.71,BUY
2021-03-02 11:02:30,A,500,23.82,SELL
2021-03-02 11:07:14,B,100,23.79,SELL
2021-03-02 11:10:43,A,500,23.84,BUY
2021-03-02 11:12:41,A,200,23.77,SELL
2021-03-02 11:14:47,A,100,23.76,BUY
2021-03-02 11:19:15,A,100,23.77,SELL
2021-03-02 11:22:56,B,100,23.8,BUY
2021-03-02 11:26:38,A,200,23.99,BUY
2021-03-02 11:30:09,B,300,23.96,SELL
2021-03-02 11:34:07,B,200,23.86,SELL
2021-03-02 11:35:14,A,400,23.91,SELL
2021-03-02 11:37:59,A,400,23.73,SELL
2021-03-02 11:40:54,B,400,23.71,SELL
2021-03-02 11:43:04,B,400,23.97,SELL
2021-03-02 11:46:42,A,100,23.98,BUY
2021-03-02 11:47:10,A,400,23.91,BUY
2021-03-02 11:51:09,A,100,23.77,SELL
2021-03-02 11:56:06,B,300,23.96,SELL
2021-03-02 12:00:26,B,100,23.9,BUY
2021-03-02 12:00:49,A,200,23.95,SELL
2021-03-02 12:04:17,B,300,23.78,BUY
2021-03-02 12:07:08,A,300,23.97,BUY
2021-03-02 12:07:47,B,300,23.93,BUY
2021-03-02 12:12:13,B,100,23.77,BUY
2021-03-02 12:14:39,B,200,23.98,SELL
2021-03-02 12:15:39,B,100,23.7,SELL
2021-03-02 12:20:04,A,200,24.0,BUY
2021-03-02 12:22:58,B,200,23.78,SELL
2021-03-02 12:23:06,B,200,23.89,SELL
2021-03-02 12:25:08,A,200,23.78,BUY
2021-03-02 12:29:51,B,100,23.75,BUY
2021-03-02 12:30:10,A,200,23.8,BUY
2021-03-02 12:32:29,B,300,23.81,SELL
2021-03-02 12:33:07,B,200,23.8,BUY
2021-03-02 12:37:39,B,300,23.78,SELL
2021-03-02 12:39:34,B,200,23.8,SELL
2021-03-02 12:43:23,B,200,23.91,BUY
2021-03-02 12:46:00,A,200,23.94,SELL
2021-03-02 12:49:16,A,200,24.0,SELL
2021-03-02 12:52:14,A,500,23.75,BUY
2021-03-02 12:56:35,A,300,23.93,SELL
2021-03-02 12:58:01,A,500,23.84,SELL
2021-03-02 13:01:17,A,400,23.73,SELL
2021-03-02 13:01:37,B,200,23.71,SELL
2021-03-02 13:02:21,B,400,23.97,SELL
2021-03-02 13:07:17,A,400,23.89,SELL
2021-03-02 13:08:40,A,100,23.81,SELL
2021-03-02 13:11:27,B,200,23.91,BUY
2021-03-02 13:13:31,B,300,23.95,SELL
2021-03-02 13:14:22,A,100,23.78,SELL
2021-03-02 13:19:02,B,100,23.86,SELL
2021-03-02 13:20:08,A,200,23.71,BUY
2021-03-02 13:24:25,A,100,23.74,BUY
2021-03-02 13:28:00,B,200,23.91,BUY
2021-03-02 13:28:51,B,100,23.91,BUY
2021-03-02 13:33:49,A,100,23.82,SELL
2021-03-02 13:37:44,A,200,23.93,SELL
2021-03-02 13:41:16,B,400,23.78,BUY
2021-03-02 13:45:50,A,300,23.78,BUY
2021-03-02 13:48:10,B,100,23.99,BUY
2021-03-02 13:49:21,B,300,23.97,BUY
2021-03-02 13:52:40,B,400,23.78,BUY
2021-03-02 13:53:21,B,300,23.72,BUY
2021-03-02 13:53:45,A,100,23.96,SELL
2021-03-02 13:56:00,A,200,23.83,SELL
2021-03-02 14:00:42,A,400,23.76,BUY
2021-03-02 14:02:34,A,300,23.8,BUY
2021-03-02 14:03:14,B,400,23.95,SELL
2021-03-02 14:07:06,B,500,23.77,BUY
2021-03-02 14:10:56,A,100,23.89,BUY
2021-03-02 14:12:39,B,300,23.92,SELL
2021-03-02 14:16:12,A,400,23.88,BUY
2021-03-02 14:20:18,A,200,23.93,SELL
2021-03-02 14:22:20,B,300,23.76,SELL
2021-03-02 14:26:58,B,400,23.82,SELL
2021-03-02 14:30:51,A,500,23.76,BUY
2021-03-02 14:34:18,A,100,23.73,SELL
2021-03-02 14:35:44,B,400,23.92,BUY
2021-03-02 14:39:11,A,200,23.7,BUY
2021-03-02 14:39:36,A,500,23.7,BUY
2021-03-02 14:40:52,B,300,23.79,BUY
2021-03-02 14:44:46,A,300,23.98,BUY
2021-03-02 14:47:53,B,100,23.85,SELL
2021-03-02 14:49:13,A,300,23.84,SELL
2021-03-02 14:50:43,A,300,23.83,SELL
2021-03-02 14:51:26,B,400,23.7,SELL
2021-03-02 14:53:14,B,200,23.92,SELL
2021-03-02 14:58:10,B,200,23.89,BUY
2021-03-02 14:59:36,B,300,23.88,BUY
2021-03-02 15:00:03,B,100,24.0,BUY
2021-03-02 15:02:27,B,200,23.8,SELL
2021-03-02 15:06:31,A,200,23.91,BUY
2021-03-02 15:10:34,B,100,23.76,SELL
2021-03-02 15:13:53,A,100,23.84,BUY
2021-03-02 15:17:48,B,100,23.7,BUY
2021-03-02 15:21:04,B,300,23.86,BUY
2021-03-02 15:23:40,A,400,23.79,SELL
2021-03-02 15:28:14,B,200,23.94,BUY
2021-03-02 15:29:09,B,400,23.73,BUY
2021-03-02 15:30:41,A,400,23.78,SELL
2021-03-02 15:31:07,A,100,23.7,BUY
2021-03-02 15:32:20,A,300,24.0,BUY
2021-03-02 15:36:19,A,300,23.94,SELL
2021-03-02 15:40:57,A,200,23.87,BUY
2021-03-02 15:44:34,A,300,23.8,SELL
2021-03-02 15:46:47,A,300,23.83,BUY
2021-03-02 15:47:19,A,300,23.86,SELL
2021-03-02 15:49:41,B,500,23.92,SELL
2021-03-02 15:50:52,B,300,23.88,BUY
2021-03-02 15:51:43,B,400,23.83,BUY
2021-03-02 15:56:33,A,300,23.78,BUY
2021-03-02 15:58:11,B,500,23.74,SELL
2021-03-02 15:59:58,A,300,23.99,SELL
2021-03-02 16:02:05,A,200,23.83,SELL
2021-03-02 16:03:22,B,100,23.98,BUY
2021-03-02 16:04:25,B,100,23.94,BUY
2021-03-02 16:07:29,A,400,23.77,BUY
2021-03-02 16:10:36,B,500,23.82,SELL
2021-03-02 16:10:46,A,200,23.82,BUY
2021-03-02 16:14:40,A,300,23.77,BUY
2021-03-02 16:17:34,B,100,23.84,BUY
2021-03-02 16:18:36,A,100,23.86,BUY
2021-03-02 16:21:54,B,400,23.78,SELL
2021-03-02 16:22:47,A,100,23.77,SELL
2021-03-02 16:24:06,A,100,23.88,BUY
2021-03-02 16:24:11,B,300,23.8,BUY
2021-03-02 16:29:07,A,400,23.92,SELL
2021-03-02 16:31:18,A,400,23.77,SELL
2021-03-02 16:34:41,A,300,23.78,BUY
2021-03-02 16:39:09,A,200,23.87,BUY
2021-03-02 16:39:33,A,100,23.87,BUY
2021-03-02 16:44:27,B,500,23.8,SELL
2021-03-02 16:48:17,B,100,23.71,BUY
2021-03-02 16:51:26,B,300,23.88,BUY
2021-03-02 16:55:16,B,500,23.97,BUY
2021-03-02 16:55:17,A,300,23.73,SELL
2021-03-02 16:57:17,B,200,23.88,BUY
2021-03-02 16:59:38,A,200,23.71,BUY
2021-03-02 17:03:45,B,300,23.96,SELL
2021-03-02 17:07:36,A,100,23.91,SELL
2021-03-02 17:09:21,B,400,23.8,BUY
2021-03-02 17:12:29,B,300,23.7,SELL
2021-03-02 17:13:33,A,300,23.96,BUY
2021-03-02 17:15:31,A,200,23.78,SELL
2021-03-02 17:19:55,B,300,23.84,SELL
2021-03-02 17:24:22,B,200,23.83,BUY
2021-03-02 17:24:30,B,300,23.83,SELL
2021-03-02 17:25:31,B,300,23.87,SELL
2021-03-02 17:25:45,B,200,23.87,SELL
2021-03-02 17:30:09,B,200,23.77,BUY
2021-03-02 17:30:42,A,500,23.88,BUY
2021-03-02 17:31:24,B,200,24.0,SELL
2021-03-02 17:32:37,A,400,23.71,BUY
2021-03-02 17:36:51,B,400,23.98,SELL
2021-03-02 17:41:13,B,100,23.91,SELL
2021-03-02 17:42:46,A,400,23.95,BUY
2021-03-02 17:45:23,A,400,23.87,SELL
2021-03-02 17:49:41,A,100,23.9,SELL
2021-03-02 17:53:34,A,100,23.93,SELL
2021-03-02 17:53:43,B,100,23.96,BUY
2021-03-02 17:57:44,B,400,23.74,BUY
2021-03-03 10:04:46,B,300,23.74,BUY
2021-03-03 10:09:07,B,300,23.82,SELL
2021-03-03 10:13:23,B,300,23.79,SELL
2021-03-03 10:17:17,B,100,23.87,BUY
2021-03-03 10:21:09,B,400,23.87,BUY
2021-03-03 10:23:44,B,500,23.78,SELL
2021-03-03 10:25:10,A,200,23.98,SELL
2021-03-03 10:28:51,B,500,23.74,BUY
2021-03-03 10:29:21,A,300,23.78,SELL
2021-03-03 10:32:54,B,200,23.87,BUY
2021-03-03 10:35:17,A,100,23.96,SELL
2021-03-03 10:37:07,B,100,23.79,SELL
2021-03-03 10:40:28,B,300,23.89,BUY
2021-03-03 10:43:41,A,200,23.96,SELL
2021-03-03 10:43:45,A,300,23.96,SELL
2021-03-03 10:44:26,B,300,23.93,SELL
2021-03-03 10:45:57,A,300,23.93,SELL
2021-03-03 10:49:08,B,300,23.78,SELL
2021-03-03 10:52:27,B,300,23.75,BUY
2021-03-03 10:57:22,A,300,23.81,BUY
2021-03-03 10:57:28,A,200,23.81,SELL
2021-03-03 10:59:43,B,400,23.97,SELL
2021-03-03 11:03:39,A,200,23.87,BUY
2021-03-03 11:07:03,A,200,23.75,BUY
2021-03-03 11:11:32,A,300,23.73,SELL
2021-03-03 11:12:47,A,100,23.95,SELL
2021-03-03 11:17:24,A,500,23.96,BUY
2021-03-03 11:19:24,A,300,23.77,SELL
2021-03-03 11:20:49,B,400,23.85,SELL
2021-03-03 11:23:05,B,300,23.8,SELL
2021-03-03 11:23:15,A,200,23.92,BUY
2021-03-03 11:24:17,B,100,23.74,BUY
2021-03-03 11:28:12,B,300,23.81,SELL
2021-03-03 11:29:49,B,100,23.72,SELL
2021-03-03 11:31:55,A,100,23.9,BUY
2021-03-03 11:34:10,A,300,23.96,SELL
2021-03-03 11:36:27,A,100,23.88,BUY
2021-03-03 11:37:05,A,300,23.7,SELL
2021-03-03 11:38:53,A,300,23.92,BUY
2021-03-03 11:41:17,A,200,23.84,SELL
2021-03-03 11:43:04,B,100,23.83,BUY
2021-03-03 11:43:38,B,300,23.83,BUY
2021-03-03 11:45:46,A,400,23.81,BUY
2021-03-03 11:47:59,B,100,23.73,BUY
2021-03-03 11:50:17,A,400,23.98,BUY
2021-03-03 11:50:46,A,200,23.98,BUY
2021-03-03 11:55:19,A,300,23.88,SELL
2021-03-03 11:58:43,B,100,23.8,BUY
2021-03-03 11:58:51,B,300,23.8,BUY
2021-03-03 12:02:30,A,400,23.76,SELL
2021-03-03 12:05:29,A,300,23.92,SELL
2021-03-03 12:06:26,A,400,23.82,BUY
2021-03-03 12:08:22,B,300,23.91,BUY
2021-03-03 12:09:30,A,300,23.76,SELL
2021-03-03 12:11:43,B,400,23.7,SELL
2021-03-03 12:14:04,A,100,23.8,SELL
2021-03-03 12:17:44,A,300,23.99,SELL
2021-03-03 12:17:58,B,100,23.93,SELL
2021-03-03 12:22:10,A,300,23.8,BUY
2021-03-03 12:23:19,B,100,23.73,BUY
2021-03-03 12:25:40,A,100,23.81,SELL
2021-03-03 12:26:22,A,300,23.91,BUY
2021-03-03 12:26:42,A,200,23.91,BUY
2021-03-03 12:28:56,B,500,23.76,BUY
2021-03-03 12:32:01,A,300,23.74,SELL
2021-03-03 12:32:59,A,400,23.74,SELL
2021-03-03 12:33:49,B,200,23.89,BUY
2021-03-03 12:34:28,B,400,23.72,SELL
2021-03-03 12:35:16,B,100,23.92,SELL
2021-03-03 12:36:50,A,400,23.82,BUY
2021-03-03 12:37:31,B,200,23.84,SELL
2021-03-03 12:42:09,B,200,23.71,BUY
2021-03-03 12:45:49,B,400,24.0,BUY
2021-03-03 12:49:33,A,100,23.71,BUY
2021-03-03 12:51:11,B,300,23.75,SELL
2021-03-03 12:54:00,B,300,23.8,BUY
2021-03-03 12:57:24,B,100,23.76,SELL
2021-03-03 12:58:36,A,100,23.74,SELL
2021-03-03 12:59:15,A,400,23.81,BUY
2021-03-03 13:01:29,B,100,23.9,SELL
2021-03-03 13:01:51,B,400,23.9,BUY
2021-03-03 13:03:04,B,400,23.87,BUY
2021-03-03 13:07:38,A,300,23.7,SELL
2021-03-03 13:11:22,B,300,23.97,BUY
2021-03-03 13:12:18,A,300,23.91,SELL
2021-03-03 13:13:04,B,100,23.79,BUY
2021-03-03 13:13:55,A,100,23.99,BUY
2021-03-03 13:17:29,A,500,23.84,SELL
2021-03-03 13:18:01,A,200,23.89,SELL
2021-03-03 13:18:42,B,100,23.86,SELL
2021-03-03 13:20:31,B,300,23.81,BUY
2021-03-03 13:23:37,A,200,23.91,SELL
2021-03-03 13:27:59,B,500,23.86,BUY
2021-03-03 13:28:02,B,200,23.8,BUY
2021-03-03 13:32:18,A,300,23.96,SELL
2021-03-03 13:33:24,A,300,23.82,BUY
2021-03-03 13:36:14,B,200,23.87,BUY
2021-03-03 13:37:16,B,200,23.79,SELL
2021-03-03 13:37:33,B,300,23.79,BUY
2021-03-03 13:42:01,A,400,23.81,SELL
2021-03-03 13:46:49,A,100,23.79,BUY
2021-03-03 13:47:27,A,100,23.76,SELL
2021-03-03 13:48:16,A,200,23.89,BUY
2021-03-03 13:49:58,A,200,23.78,SELL
2021-03-03 13:51:40,A,200,23.84,BUY
2021-03-03 13:54:50,A,200,23.72,SELL
2021-03-03 13:57:29,A,100,23.94,BUY
2021-03-03 13:57:49,B,100,23.79,BUY
2021-03-03 13:58:49,A,100,23.89,SELL
2021-03-03 13:59:23,B,200,23.85,BUY
2021-03-03 14:02:46,A,100,23.84,BUY
2021-03-03 14:03:17,B,200,23.93,SELL
2021-03-03 14:03:52,B,500,23.93,SELL
2021-03-03 14:05:43,A,300,23.77,BUY
2021-03-03 14:10:10,A,200,23.93,BUY
2021-03-03 14:13:40,B,100,23.8,SELL
2021-03-03 14:14:54,A,200,23.82,SELL
2021-03-03 14:18:12,A,200,23.91,SELL
2021-03-03 14:20:36,B,200,23.9,SELL
2021-03-03 14:25:24,B,300,23.72,BUY
2021-03-03 14:28:32,B,100,23.88,SELL
2021-03-03 14:29:35,B,300,23.9,BUY
2021-03-03 14:31:08,B,300,23.83,BUY
2021-03-03 14:32:10,A,200,23.78,SELL
2021-03-03 14:35:05,A,200,23.75,BUY
2021-03-03 14:38:08,A,200,23.9,SELL
2021-03-03 14:38:29,B,100,23.83,BUY
2021-03-03 14:43:15,B,200,23.94,BUY
2021-03-03 14:45:26,B,300,23.8,SELL
2021-03-03 14:47:27,A,300,23.73,BUY
2021-03-03 14:51:53,A,200,23.79,SELL
2021-03-03 14:55:31,B,500,23.94,SELL
2021-03-03 15:00:12,A,200,23.77,BUY
2021-03-03 15:04:04,A,300,23.96,SELL
2021-03-03 15:07:40,A,300,23.85,BUY
2021-03-03 15:11:46,B,400,24.0,BUY
2021-03-03 15:13:11,A,300,23.81,SELL
2021-03-03 15:16:12,A,300,24.0,BUY
2021-03-03 15:20:32,B,300,23.76,SELL
2021-03-03 15:21:23,A,300,23.7,SELL
2021-03-03 15:23:01,B,100,23.73,BUY
2021-03-03 15:25:50,A,300,24.0,BUY
2021-03-03 15:30:28,B,200,23.7,SELL
2021-03-03 15:31:05,A,400,23.97,BUY
2021-03-03 15:33:53,A,400,23.79,SELL
2021-03-03 15:35:12,B,100,23.87,BUY
2021-03-03 15:38:58,A,300,23.84,BUY
2021-03-03 15:42:01,A,300,23.96,SELL
2021-03-03 15:45:37,B,300,23.98,SELL
2021-03-03 15:49:45,A,100,23.91,BUY
2021-03-03 15:53:01,A,100,23.89,BUY
2021-03-03 15:53:44,A,400,23.89,BUY
2021-03-03 15:57:28,B,100,24.0,BUY
2021-03-03 16:01:41,A,300,23.8,SELL
2021-03-03 16:04:07,A,100,23.87,BUY
2021-03-03 16:04:12,A,300,23.87,SELL
2021-03-03 16:04:14,A,500,23.87,BUY
2021-03-03 16:08:14,A,200,23.86,SELL
2021-03-03 16:11:52,B,300,23.94,SELL
2021-03-03 16:15:06,B,500,23.78,SELL
2021-03-03 16:19:18,B,300,23.76,BUY
2021-03-03 16:22:12,A,400,23.92,BUY
2021-03-03 16:22:13,A,400,23.92,SELL
2021-03-03 16:25:02,B,300,23.8,SELL
2021-03-03 16:29:49,B,100,23.99,BUY
2021-03-03 16:31:49,B,300,23.94,BUY
2021-03-03 16:34:19,A,300,23.77,SELL
2021-03-03 16:37:29,B,300,23.92,SELL
2021-03-03 16:40:00,B,100,23.72,BUY
2021-03-03 16:43:44,B,300,23.95,SELL
2021-03-03 16:43:50,A,300,23.88,SELL
2021-03-03 16:48:49,A,200,23.83,BUY
2021-03-03 16:49:53,B,300,24.0,BUY
2021-03-03 16:52:23,B,200,23.88,SELL
2021-03-03 16:55:24,A,200,23.75,SELL
2021-03-03 16:59:09,A,100,23.98,SELL
2021-03-03 17:02:50,A,200,23.92,BUY
2021-03-03 17:04:19,A,200,23.73,SELL
2021-03-03 17:08:23,A,400,23.91,BUY
2021-03-03 17:09:03,A,100,23.9,BUY
2021-03-03 17:12:43,A,100,23.82,SELL
2021-03-03 17:17:21,A,400,23.89,SELL
2021-03-03 17:19:42,A,200,23.73,BUY
2021-03-03 17:22:24,B,100,23.78,SELL
2021-03-03 17:26:23,A,300,23.82,BUY
2021-03-03 17:27:03,B,100,23.82,SELL
2021-03-03 17:31:18,B,200,23.84,SELL
2021-03-03 17:32:17,A,200,23.89,SELL
2021-03-03 17:34:20,A,100,23.8,SELL
2021-03-03 17:35:37,A,100,23.86,BUY
2021-03-03 17:38:19,A,300,23.88,BUY
2021-03-03 17:43:16,B,100,23.91,SELL
2021-03-03 17:44:49,B,200,23.92,BUY
2021-03-03 17:45:20,A,500,23.7,BUY
2021-03-03 17:50:16,A,200,23.84,SELL
2021-03-03 17:51:00,A,100,23.83,BUY
2021-03-03 17:53:43,A,300,23.7,BUY
2021-03-03 17:55:35,B,300,23.75,BUY
2021-03-03 17:56:48,B,300,23.95,BUY
2021-03-04 10:00:20,A,200,23.85,SELL
2021-03-04 10:01:36,B,500,23.92,SELL
2021-03-04 10:01:48,A,300,23.7,BUY
2021-03-04 10:02:49,B,100,23.96,BUY
2021-03-04 10:05:25,B,100,24.0,SELL
2021-03-04 10:08:04,A,100,23.76,SELL
2021-03-04 10:12:10,B,500,23.76,BUY
2021-03-04 10:12:35,B,300,23.76,SELL
2021-03-04 10:13:07,B,300,23.73,SELL
2021-03-04 10:15:23,B,200,23.94,SELL
2021-03-04 10:17:19,B,200,23.84,BUY
2021-03-04 10:21:22,B,200,23.83,SELL
2021-03-04 10:25:54,B,100,23.93,SELL
2021-03-04 10:26:46,A,500,23.82,BUY
2021-03-04 10:28:27,B,300,23.93,SELL
2021-03-04 10:31:33,A,300,23.96,BUY
2021-03-04 10:35:46,B,100,23.96,BUY
2021-03-04 10:38:51,A,100,23.96,BUY
2021-03-04 10:42:59,A,500,24.0,SELL
2021-03-04 10:45:51,A,400,23.74,SELL
2021-03-04 10:48:12,A,100,23.74,BUY
2021-03-04 10:52:18,B,200,23.71,SELL
2021-03-04 10:54:16,B,400,23.78,SELL
2021-03-04 10:54:34,A,200,23.79,SELL
2021-03-04 10:58:59,B,300,23.82,BUY
2021-03-04 11:01:01,B,200,23.98,BUY
2021-03-04 11:03:29,A,300,23.84,BUY
2021-03-04 11:05:24,A,200,23.78,BUY
2021-03-04 11:07:43,A,300,23.76,BUY
2021-03-04 11:10:53,A,200,23.81,BUY
2021-03-04 11:13:29,A,300,23.82,SELL
2021-03-04 11:18:23,A,300,23.92,BUY
2021-03-04 11:20:08,B,300,23.76,SELL
2021-03-04 11:20:43,A,300,23.79,BUY
2021-03-04 11:22:22,A,200,23.87,BUY
2021-03-04 11:26:30,B,400,23.86,SELL
2021-03-04 11:30:40,B,300,23.76,SELL
2021-03-04 11:33:13,B,100,23.76,SELL
2021-03-04 11:35:21,B,500,23.81,BUY
2021-03-04 11:35:57,B,500,23.81,SELL
2021-03-04 11:38:43,A,300,23.71,BUY
2021-03-04 11:42:24,A,500,23.99,BUY
2021-03-04 11:47:01,B,400,23.86,SELL
2021-03-04 11:47:11,B,400,23.86,BUY
2021-03-04 11:50:19,B,400,23.99,SELL
2021-03-04 11:51:41,A,500,23.72,BUY
2021-03-04 11:58:29,A,300,23.99,SELL
2021-03-04 12:02:24,A,300,23.73,SELL
2021-03-04 12:06:52,B,400,23.72,BUY
2021-03-04 12:09:44,A,200,23.78,SELL
2021-03-04 12:10:52,A,300,23.7,BUY
2021-03-04 12:15:49,B,300,23.78,SELL
2021-03-04 12:17:00,A,200,23.93,SELL
2021-03-04 12:20:13,B,100,23.78,SELL
2021-03-04 12:22:53,A,100,23.75,SELL
2021-03-04 12:24:26,B,200,23.75,BUY
2021-03-04 12:28:20,A,400,23.75,SELL
2021-03-04 12:29:15,B,300,23.8,BUY
2021-03-04 12:31:08,A,300,23.97,SELL
2021-03-04 12:35:52,A,200,23.97,SELL
2021-03-04 12:40:50,A,200,23.85,BUY
2021-03-04 12:42:47,B,200,23.84,BUY
2021-03-04 12:45:53,A,300,23.78,SELL
2021-03-04 12:49:30,A,400,23.94,BUY
2021-03-04 12:53:05,A,400,24.0,SELL
2021-03-04 12:53:08,A,300,24.0,BUY
2021-03-04 12:55:52,A,100,23.96,BUY
2021-03-04 12:57:12,B,100,23.9,SELL
2021-03-04 12:58:45,A,200,23.94,BUY
2021-03-04 13:02:05,A,300,23.82,BUY
2021-03-04 13:05:44,A,200,23.88,SELL
2021-03-04 13:09:15,A,400,23.76,BUY
2021-03-04 13:11:33,A,400,23.79,SELL
2021-03-04 13:13:28,B,100,23.84,BUY
2021-03-04 13:14:41,A,200,23.96,SELL
2021-03-04 13:17:47,A,300,23.78,BUY
2021-03-04 13:21:01,A,200,23.95,BUY
2021-03-04 13:22:25,B,200,23.8,SELL
2021-03-04 13:23:10,A,100,23.76,BUY
2021-03-04 13:23:40,B,300,23.79,BUY
2021-03-04 13:23:44,A,200,23.76,SELL
2021-03-04 13:24:37,A,300,23.7,SELL
2021-03-04 13:29:27,B,300,23.83,BUY
2021-03-04 13:32:48,B,300,23.72,SELL
2021-03-04 13:36:22,B,500,23.89,BUY
2021-03-04 13:38:08,A,300,23.98,SELL
2021-03-04 13:41:42,A,100,23.8,BUY
2021-03-04 13:41:54,B,100,23.76,SELL
2021-03-04 13:43:09,B,100,23.82,BUY
2021-03-04 13:47:39,A,300,23.7,SELL
2021-03-04 13:51:32,A,300,23.91,SELL
2021-03-04 13:51:53,A,400,23.91,BUY
2021-03-04 13:55:35,B,300,23.84,SELL
2021-03-04 13:59:35,B,200,23.7,BUY
2021-03-04 14:04:22,B,300,23.89,BUY
2021-03-04 14:08:33,B,100,23.96,BUY
2021-03-04 14:09:33,A,100,23.91,SELL
2021-03-04 14:13:57,A,100,23.72,BUY
2021-03-04 14:17:58,A,300,23.74,SELL
2021-03-04 14:22:05,A,300,23.76,SELL
2021-03-04 14:23:47,B,300,23.72,BUY
2021-03-04 14:28:05,A,400,23.74,SELL
2021-03-04 14:30:24,A,200,23.71,SELL
2021-03-04 14:30:39,B,200,23.93,BUY
2021-03-04 14:31:57,B,300,23.76,SELL
2021-03-04 14:32:29,A,400,23.84,SELL
2021-03-04 14:35:17,B,100,23.71,SELL
2021-03-04 14:37:24,B,400,23.86,BUY
2021-03-04 14:40:21,A,400,23.73,SELL
2021-03-04 14:45:13,A,400,23.86,SELL
2021-03-04 14:49:45,B,100,23.93,SELL
2021-03-04 14:52:34,B,300,23.86,BUY
2021-03-04 14:55:26,A,400,23.7,BUY
2021-03-04 14:56:23,A,100,23.8,SELL
2021-03-04 14:59:54,B,500,23.98,SELL
2021-03-04 15:03:30,A,500,23.97,BUY
2021-03-04 15:04:15,B,100,23.77,BUY
2021-03-04 15:07:18,B,200,23.71,BUY
2021-03-04 15:07:52,A,300,23.93,SELL
2021-03-04 15:12:37,A,100,23.91,SELL
2021-03-04 15:15:43,A,200,23.87,BUY
2021-03-04 15:18:24,B,400,23.82,SELL
2021-03-04 15:21:42,A,300,23.96,SELL
2021-03-04 15:23:30,B,200,23.92,SELL
2021-03-04 15:24:43,A,500,23.98,BUY
2021-03-04 15:29:40,B,300,23.77,SELL
2021-03-04 15:34:34,A,100,23.88,BUY
2021-03-04 15:38:17,B,300,24.0,BUY
2021-03-04 15:42:23,A,200,23.78,SELL
2021-03-04 15:46:18,A,300,23.77,SELL
2021-03-04 15:51:11,A,300,24.0,BUY
2021-03-04 15:56:08,A,300,23.92,BUY
2021-03-04 15:56:14,B,300,23.78,SELL
2021-03-04 15:56:27,B,300,23.78,BUY
2021-03-04 16:01:24,A,500,23.95,BUY
2021-03-04 16:05:55,A,100,23.83,SELL
2021-03-04 16:10:42,B,100,23.7,BUY
2021-03-04 16:12:13,B,100,23.82,SELL
2021-03-04 16:16:07,B,100,23.88,BUY
2021-03-04 16:18:20,A,300,23.74,BUY
2021-03-04 16:22:47,B,100,23.7,BUY
2021-03-04 16:25:30,A,500,23.73,SELL
2021-03-04 16:29:44,A,200,23.94,SELL
2021-03-04 16:32:32,A,300,23.83,SELL
2021-03-04 16:35:27,B,400,23.83,BUY
2021-03-04 16:39:47,A,400,23.98,BUY
2021-03-04 16:43:02,B,200,23.85,BUY
2021-03-04 16:44:25,B,100,23.94,SELL
2021-03-04 16:47:57,A,100,23.78,SELL
2021-03-04 16:49:32,B,400,23.88,BUY
2021-03-04 16:49:45,A,100,23.88,BUY
2021-03-04 16:51:12,B,200,23.85,SELL
2021-03-04 16:52:42,B,300,23.82,BUY
2021-03-04 16:54:54,A,200,23.95,SELL
2021-03-04 16:56:47,B,300,23.73,SELL
2021-03-04 16:58:30,B,100,23.72,BUY
2021-03-04 17:00:41,A,300,23.98,BUY
2021-03-04 17:04:42,A,200,23.75,SELL
2021-03-04 17:05:39,B,300,23.73,BUY
2021-03-04 17:10:35,A,100,23.74,SELL
2021-03-04 17:14:12,B,100,23.78,BUY
2021-03-04 17:16:24,A,300,23.83,SELL
2021-03-04 17:19:20,B,300,23.72,BUY
2021-03-04 17:24:06,A,300,23.96,SELL
2021-03-04 17:27:34,A,200,24.0,BUY
2021-03-04 17:28:41,B,400,23.88,SELL
2021-03-04 17:31:16,A,300,23.81,BUY
2021-03-04 17:32:43,A,300,23.92,SELL
2021-03-04 17:36:48,B,200,23.7,SELL
2021-03-04 17:38:52,A,400,23.85,BUY
2021-03-04 17:41:00,A,400,23.86,SELL
2021-03-04 17:44:45,A,500,23.76,BUY
2021-03-04 17:46:26,A,500,23.79,SELL
2021-03-04 17:49:26,B,300,23.96,BUY
2021-03-04 17:51:12,A,100,23.91,SELL
2021-03-04 17:55:15,A,400,23.84,SELL
2021-03-04 17:58:55,B,500,23.85,BUY
2021-03-04 17:59:07,B,100,23.97,BUY
2021-03-05 10:03:41,B,100,23.77,SELL
2021-03-05 10:04:59,A,300,23.7,BUY
2021-03-05 10:06:09,A,100,23.9,BUY
2021-03-05 10:10:22,A,200,23.8,SELL
2021-03-05 10:10:48,A,200,23.8,SELL
2021-03-05 10:15:19,B,200,23.74,SELL
2021-03-05 10:18:59,A,400,23.83,BUY
2021-03-05 10:19:33,B,100,23.78,BUY
2021-03-05 10:24:15,A,400,23.9,SELL
2021-03-05 10:26:42,B,200,23.75,BUY
2021-03-05 10:30:51,B,300,23.83,SELL
2021-03-05 10:31:59,A,300,23.95,BUY
2021-03-05 10:34:40,A,100,23.7,BUY
2021-03-05 10:37:09,A,300,23.76,BUY
2021-03-05 10:37:19,B,400,23.82,SELL
2021-03-05 10:40:15,B,400,23.74,SELL
2021-03-05 10:41:51,A,300,23.85,SELL
2021-03-05 10:45:14,A,100,23.74,BUY
2021-03-05 10:49:33,A,300,23.98,SELL
2021-03-05 10:51:53,B,200,23.7,SELL
2021-03-05 10:54:48,A,100,23.94,SELL
2021-03-05 10:55:12,A,100,23.79,SELL
2021-03-05 10:55:30,A,100,23.79,BUY
2021-03-05 10:59:01,A,100,23.9,SELL
2021-03-05 11:01:47,A,100,23.88,BUY
2021-03-05 11:01:55,A,400,23.88,BUY
2021-03-05 11:02:02,A,300,23.84,BUY
2021-03-05 11:03:46,A,100,23.79,BUY
2021-03-05 11:08:33,B,100,23.7,SELL
2021-03-05 11:09:16,A,400,23.93,SELL
2021-03-05 11:11:52,A,300,23.97,BUY
2021-03-05 11:13:16,A,100,23.72,BUY
2021-03-05 11:15:03,B,200,23.78,SELL
2021-03-05 11:18:21,A,200,23.78,BUY
2021-03-05 11:20:38,B,100,23.87,BUY
2021-03-05 11:22:46,B,300,23.96,SELL
2021-03-05 11:25:05,A,200,23.81,SELL
2021-03-05 11:27:25,B,300,23.7,BUY
2021-03-05 11:27:37,B,300,23.7,SELL
2021-03-05 11:29:58,B,300,23.91,SELL
2021-03-05 11:34:07,B,100,23.88,SELL
2021-03-05 11:38:12,B,100,23.85,BUY
2021-03-05 11:38:45,A,100,23.96,BUY
2021-03-05 11:39:37,A,100,23.79,SELL
2021-03-05 11:43:44,A,400,23.78,BUY
2021-03-05 11:48:09,B,200,23.72,BUY
2021-03-05 11:50:52,A,200,23.86,SELL
2021-03-05 11:55:48,B,100,23.77,SELL
2021-03-05 11:57:15,A,500,23.99,SELL
2021-03-05 11:59:18,A,100,23.73,SELL
2021-03-05 11:59:30,A,500,23.73,SELL
2021-03-05 11:59:40,A,500,23.73,BUY
2021-03-05 11:59:42,A,300,23.73,BUY
2021-03-05 12:03:55,B,200,23.96,SELL
2021-03-05 12:08:24,B,200,23.88,SELL
2021-03-05 12:08:29,A,200,23.71,SELL
2021-03-05 12:11:38,A,200,23.93,SELL
2021-03-05 12:16:15,A,100,23.85,SELL
2021-03-05 12:20:23,B,400,23.98,BUY
2021-03-05 12:21:19,B,100,23.83,SELL
2021-03-05 12:25:31,B,400,23.95,SELL
2021-03-05 12:27:27,B,100,23.7,BUY
2021-03-05 12:31:16,A,300,23.98,SELL
2021-03-05 12:35:47,B,500,23.7,SELL
2021-03-05 12:37:46,B,200,23.85,BUY
2021-03-05 12:40:32,A,400,23.94,BUY
2021-03-05 12:44:32,B,300,23.76,SELL
2021-03-05 12:44:36,A,300,23.89,BUY
2021-03-05 12:45:21,B,400,23.87,SELL
2021-03-05 12:50:05,B,100,23.8,SELL
2021-03-05 12:50:55,A,300,23.74,BUY
2021-03-05 12:54:00,A,200,23.75,SELL
2021-03-05 12:56:48,B,400,23.82,BUY
2021-03-05 12:59:01,B,400,23.81,SELL
2021-03-05 12:59:28,A,300,23.99,SELL
2021-03-05 13:00:04,B,100,23.93,BUY
2021-03-05 13:01:08,B,100,23.79,SELL
2021-03-05 13:02:47,B,300,23.79,BUY
2021-03-05 13:04:00,B,300,24.0,BUY
2021-03-05 13:06:50,B,300,23.9,BUY
2021-03-05 13:08:44,B,300,23.79,BUY
2021-03-05 13:08:49,B,500,23.79,SELL
2021-03-05 13:11:28,A,100,23.82,BUY
2021-03-05 13:13:13,A,400,23.78,SELL
2021-03-05 13:16:48,A,400,23.81,BUY
2021-03-05 13:20:32,A,300,23.7,BUY
2021-03-05 13:25:25,A,300,23.99,SELL
2021-03-05 13:29:08,B,300,23.86,BUY
2021-03-05 13:32:40,B,300,23.9,SELL
2021-03-05 13:36:55,A,200,23.79,SELL
2021-03-05 13:37:44,B,300,23.84,SELL
2021-03-05 13:40:48,A,100,23.89,BUY
2021-03-05 13:41:56,B,100,23.97,BUY
2021-03-05 13:45:47,A,400,23.76,BUY
2021-03-05 13:47:57,B,100,23.89,SELL
2021-03-05 13:52:25,B,100,23.85,BUY
2021-03-05 13:55:46,B,400,23.73,BUY
2021-03-05 13:59:03,B,200,23.88,BUY
2021-03-05 14:00:53,B,300,23.99,SELL
2021-03-05 14:02:18,A,200,23.74,SELL
2021-03-05 14:05:56,B,100,23.87,BUY
2021-03-05 14:08:20,B,500,23.79,SELL
2021-03-05 14:10:09,A,300,23.87,BUY
2021-03-05 14:13:10,B,100,23.86,BUY
2021-03-05 14:13:18,B,300,23.86,BUY
2021-03-05 14:14:56,B,500,23.87,SELL
2021-03-05 14:15:47,A,200,23.79,SELL
2021-03-05 14:17:12,B,200,23.93,SELL
2021-03-05 14:18:47,A,200,23.76,BUY
2021-03-05 14:22:49,B,100,23.84,BUY
2021-03-05 14:24:20,B,200,23.83,SELL
2021-03-05 14:25:05,B,300,23.85,BUY
2021-03-05 14:28:10,A,300,24.0,BUY
2021-03-05 14:29:31,B,200,23.71,SELL
2021-03-05 14:30:11,A,400,23.82,SELL
2021-03-05 14:30:59,A,300,23.82,SELL
2021-03-05 14:32:05,B,100,23.98,SELL
2021-03-05 14:32:28,B,400,23.98,BUY
2021-03-05 14:36:46,B,200,23.83,SELL
2021-03-05 14:39:20,A,400,23.96,BUY
2021-03-05 14:41:53,A,200,23.85,SELL
2021-03-05 14:42:29,B,200,23.74,SELL
2021-03-05 14:46:26,B,500,23.73,BUY
2021-03-05 14:50:31,B,400,23.93,BUY
2021-03-05 14:51:05,A,300,24.0,BUY
2021-03-05 14:51:12,B,200,23.7,BUY
2021-03-05 14:55:40,B,200,23.82,BUY
2021-03-05 14:58:35,B,200,23.89,BUY
2021-03-05 14:59:47,B,400,23.96,BUY
2021-03-05 15:02:56,B,100,23.8,SELL
2021-03-05 15:07:47,B,300,24.0,SELL
2021-03-05 15:12:38,A,100,23.87,SELL
2021-03-05 15:16:20,A,300,23.8,SELL
2021-03-05 15:19:00,A,200,24.0,BUY
2021-03-05 15:23:42,A,400,23.93,SELL
2021-03-05 15:24:18,B,300,23.82,SELL
2021-03-05 15:26:15,A,200,23.8,SELL
2021-03-05 15:27:39,A,300,23.93,SELL
2021-03-05 15:29:53,B,300,23.74,BUY
2021-03-05 15:34:30,A,500,23.95,BUY
2021-03-05 15:35:43,B,400,23.94,SELL
2021-03-05 15:36:19,B,200,23.96,SELL
2021-03-05 15:38:48,A,400,23.89,SELL
2021-03-05 15:39:05,A,100,23.82,SELL
2021-03-05 15:41:18,A,300,23.89,BUY
2021-03-05 15:44:17,A,200,23.94,BUY
2021-03-05 15:46:27,A,300,23.95,SELL
2021-03-05 15:47:30,A,100,23.74,BUY
2021-03-05 15:50:58,B,300,23.85,BUY
2021-03-05 15:53:01,B,200,23.77,BUY
2021-03-05 15:57:25,B,200,23.85,SELL
2021-03-05 15:58:19,A,300,23.94,BUY
2021-03-05 15:58:47,A,100,23.94,BUY
2021-03-05 16:02:00,B,300,24.0,BUY
2021-03-05 16:05:55,B,200,23.87,BUY
2021-03-05 16:08:10,A,400,23.75,BUY
2021-03-05 16:10:08,A,500,23.75,BUY
2021-03-05 16:13:05,B,500,23.98,SELL
2021-03-05 16:15:04,A,300,23.91,SELL
2021-03-05 16:15:46,B,400,23.89,SELL
2021-03-05 16:15:51,B,100,23.89,SELL
2021-03-05 16:18:12,B,300,23.96,SELL
2021-03-05 16:21:36,A,400,23.76,SELL
2021-03-05 16:23:16,B,100,23.94,BUY
2021-03-05 16:26:35,A,500,23.87,BUY
2021-03-05 16:31:16,A,200,23.93,BUY
2021-03-05 16:35:02,A,400,23.7,BUY
2021-03-05 16:35:48,A,300,23.7,SELL
2021-03-05 16:38:23,B,100,23.71,SELL
2021-03-05 16:39:54,B,100,23.75,BUY
2021-03-05 16:43:24,A,300,23.87,SELL
2021-03-05 16:46:29,B,200,23.77,SELL
2021-03-05 16:47:04,A,100,23.97,SELL
2021-03-05 16:47:26,A,200,23.97,BUY
2021-03-05 16:48:13,B,300,23.93,BUY
2021-03-05 16:50:13,B,300,23.73,SELL
2021-03-05 16:53:50,B,300,23.95,BUY
2021-03-05 16:54:15,B,400,23.78,SELL
2021-03-05 16:58:39,A,300,23.73,SELL
2021-03-05 17:02:32,A,100,23.78,SELL
2021-03-05 17:03:32,B,200,23.99,SELL
2021-03-05 17:04:05,B,200,23.81,BUY
2021-03-05 17:06:53,B,300,23.81,BUY
2021-03-05 17:11:46,B,100,23.76,SELL
2021-03-05 17:12:12,A,200,23.83,SELL
2021-03-05 17:13:49,A,500,23.78,BUY
2021-03-05 17:14:25,B,500,23.77,BUY
2021-03-05 17:16:32,A,300,23.75,BUY
2021-03-05 17:20:22,A,100,23.97,SELL
2021-03-05 17:25:02,A,100,24.0,SELL
2021-03-05 17:27:52,A,300,23.92,BUY
2021-03-05 17:31:08,B,400,23.89,SELL
2021-03-05 17:32:50,B,500,23.94,SELL
2021-03-05 17:33:45,B,300,23.86,BUY
2021-03-05 17:38:30,A,200,23.71,BUY
2021-03-05 17:43:16,B,400,23.7,BUY
2021-03-05 17:47:24,B,400,24.0,SELL
2021-03-05 17:50:51,B,500,23.82,BUY
2021-03-05 17:51:35,A,200,24.0,BUY
2021-03-05 17:56:11,B,200,23.77,BUY
2021-03-05 17:59:50,B,500,23.86,SELL
2021-03-06 10:00:43,A,200,23.86,SELL
2021-03-06 10:05:34,A,200,23.92,SELL
2021-03-06 10:07:17,A,400,23.73,BUY
2021-03-06 10:12:02,A,100,23.7,SELL
2021-03-06 10:16:42,A,100,23.7,SELL
2021-03-06 10:19:41,B,300,23.89,SELL
2021-03-06 10:21:27,A,300,23.9,BUY
2021-03-06 10:22:52,A,400,23.79,SELL
2021-03-06 10:25:12,B,100,23.91,BUY
2021-03-06 10:28:46,A,400,23.71,SELL
2021-03-06 10:31:50,B,300,23.72,SELL
2021-03-06 10:35:35,B,300,23.91,BUY
2021-03-06 10:36:02,A,100,23.93,SELL
2021-03-06 10:38:43,B,300,23.82,SELL
2021-03-06 10:39:48,B,200,23.79,BUY
2021-03-06 10:44:46,B,300,23.7,BUY
2021-03-06 10:48:19,B,300,23.94,SELL
2021-03-06 10:52:05,B,200,23.89,SELL
2021-03-06 10:55:38,A,200,23.83,SELL
2021-03-06 10:56:54,A,400,23.92,SELL
2021-03-06 10:57:29,B,100,23.93,BUY
2021-03-06 11:02:08,A,100,23.76,BUY
2021-03-06 11:04:27,B,100,23.85,SELL
2021-03-06 11:08:25,B,200,23.9,BUY
2021-03-06 11:09:18,A,100,23.96,SELL
2021-03-06 11:11:37,B,200,23.83,SELL
2021-03-06 11:14:33,A,500,23.73,SELL
2021-03-06 11:18:42,B,300,23.88,BUY
2021-03-06 11:22:54,B,300,23.89,SELL
2021-03-06 11:23:15,B,500,23.77,BUY
2021-03-06 11:26:58,A,200,23.84,SELL
2021-03-06 11:30:57,A,100,23.72,SELL
2021-03-06 11:34:39,A,300,23.87,BUY
2021-03-06 11:36:36,A,100,23.99,BUY
2021-03-06 11:37:36,A,200,23.96,BUY
2021-03-06 11:40:12,B,200,23.9,SELL
2021-03-06 11:40:56,B,100,23.9,BUY
2021-03-06 11:44:51,A,300,23.82,BUY
2021-03-06 11:46:23,A,100,23.98,SELL
2021-03-06 11:47:22,B,200,23.92,BUY
2021-03-06 11:50:33,B,100,23.84,SELL
2021-03-06 11:51:50,A,300,23.75,SELL
2021-03-06 11:55:13,B,300,23.74,SELL
2021-03-06 11:59:34,B,400,23.9,BUY
2021-03-06 12:04:27,A,300,23.8,SELL
2021-03-06 12:06:01,B,300,23.88,BUY
2021-03-06 12:08:10,B,400,23.75,SELL
2021-03-06 12:11:24,A,200,23.92,BUY
2021-03-06 12:15:00,B,400,23.94,BUY
2021-03-06 12:19:22,B,500,23.98,SELL
2021-03-06 12:24:01,B,100,23.91,BUY
2021-03-06 12:27:05,A,100,23.78,SELL
2021-03-06 12:31:15,B,200,23.74,SELL
2021-03-06 12:35:25,B,300,23.71,SELL
2021-03-06 12:37:14,A,300,23.96,SELL
2021-03-06 12:37:47,A,300,23.96,BUY
2021-03-06 12:40:49,A,300,23.92,SELL
2021-03-06 12:41:12,A,200,23.83,BUY
2021-03-06 12:43:44,B,300,23.75,BUY
2021-03-06 12:45:38,A,200,23.78,SELL
2021-03-06 12:48:02,A,400,23.85,BUY
2021-03-06 12:52:40,B,300,23.73,SELL
2021-03-06 12:57:10,B,100,23.88,BUY
2021-03-06 13:01:29,A,300,23.81,BUY
2021-03-06 13:04:19,B,100,23.73,SELL
2021-03-06 13:07:26,A,100,23.86,SELL
2021-03-06 13:10:40,A,500,23.85,BUY
2021-03-06 13:13:45,A,200,23.86,SELL
2021-03-06 13:17:45,B,300,23.82,BUY
2021-03-06 13:22:37,B,100,23.81,SELL
2021-03-06 13:25:23,B,400,23.7,BUY
2021-03-06 13:25:47,B,300,23.7,SELL
2021-03-06 13:28:59,B,300,23.73,BUY
2021-03-06 13:31:05,B,300,24.0,BUY
2021-03-06 13:33:04,B,100,23.76,BUY
2021-03-06 13:33:24,A,300,23.92,SELL
2021-03-06 13:34:03,A,300,23.91,BUY
2021-03-06 13:35:17,A,200,23.8,BUY
2021-03-06 13:37:08,B,100,23.79,BUY
2021-03-06 13:40:46,A,300,24.0,BUY
2021-03-06 13:42:54,B,200,23.95,SELL
2021-03-06 13:46:34,B,200,23.96,SELL
2021-03-06 13:50:35,A,300,23.81,SELL
2021-03-06 13:52:51,B,100,23.73,SELL
2021-03-06 13:55:41,A,300,23.87,BUY
2021-03-06 13:55:53,B,300,23.99,SELL
2021-03-06 13:57:03,B,200,23.99,SELL
2021-03-06 13:59:55,B,300,23.93,BUY
2021-03-06 14:02:05,A,200,23.95,BUY
2021-03-06 14:06:04,A,300,23.92,SELL
2021-03-06 14:09:24,A,100,23.82,BUY
2021-03-06 14:13:06,A,300,23.94,SELL
2021-03-06 14:14:24,A,100,23.97,BUY
2021-03-06 14:17:12,B,100,23.89,BUY
2021-03-06 14:21:04,B,300,23.92,SELL
2021-03-06 14:23:10,B,200,23.77,SELL
2021-03-06 14:24:24,A,300,23.76,SELL
2021-03-06 14:25:01,A,300,23.83,BUY
2021-03-06 14:27:20,B,100,23.76,BUY
2021-03-06 14:31:21,A,200,23.79,BUY
2021-03-06 14:34:47,A,500,23.96,BUY
2021-03-06 14:35:40,A,200,23.98,SELL
2021-03-06 14:39:46,B,300,23.82,BUY
2021-03-06 14:40:53,A,100,23.94,BUY
2021-03-06 14:44:29,A,200,23.78,SELL
2021-03-06 14:48:20,B,200,23.87,SELL
2021-03-06 14:49:27,A,300,24.0,BUY
2021-03-06 14:53:29,A,400,23.8,BUY
2021-03-06 14:53:31,B,200,23.85,BUY
2021-03-06 14:53:51,A,200,23.8,SELL
2021-03-06 14:57:29,B,400,23.8,SELL
2021-03-06 15:02:00,B,300,23.94,BUY
2021-03-06 15:02:02,B,300,23.94,BUY
2021-03-06 15:03:42,A,400,23.99,SELL
2021-03-06 15:08:20,B,200,23.89,SELL
2021-03-06 15:12:31,A,300,23.89,BUY
2021-03-06 15:16:43,B,300,23.78,SELL
2021-03-06 15:20:31,B,100,23.71,SELL
2021-03-06 15:25:30,B,100,23.7,BUY
2021-03-06 15:29:01,B,100,23.7,SELL
2021-03-06 15:31:59,A,200,23.76,BUY
2021-03-06 15:35:28,B,300,23.82,BUY
2021-03-06 15:40:24,B,200,23.78,SELL
2021-03-06 15:41:01,A,100,23.87,BUY
2021-03-06 15:41:02,A,500,23.87,SELL
2021-03-06 15:42:23,A,300,23.75,SELL
2021-03-06 15:47:09,B,200,23.89,BUY
2021-03-06 15:51:59,A,400,23.71,BUY
2021-03-06 15:55:58,A,500,23.85,BUY
2021-03-06 16:00:35,B,100,23.83,BUY
2021-03-06 16:01:42,B,300,23.99,BUY
2021-03-06 16:02:21,A,100,23.86,BUY
2021-03-06 16:02:39,A,100,23.86,BUY
2021-03-06 16:04:01,A,100,23.79,BUY
2021-03-06 16:07:52,A,300,23.73,SELL
2021-03-06 16:09:16,A,100,23.84,BUY
2021-03-06 16:11:50,B,200,23.94,BUY
2021-03-06 16:16:22,B,300,23.73,SELL
2021-03-06 16:19:20,A,300,23.9,BUY
2021-03-06 16:22:14,B,400,23.98,BUY
2021-03-06 16:23:21,B,400,23.73,SELL
2021-03-06 16:23:34,B,400,23.73,SELL
2021-03-06 16:27:34,B,500,23.75,BUY
2021-03-06 16:28:59,B,500,23.76,BUY
2021-03-06 16:29:16,B,300,23.96,SELL
2021-03-06 16:32:12,B,200,23.94,BUY
2021-03-06 16:36:29,A,200,23.95,SELL
2021-03-06 16:39:31,B,400,23.93,SELL
2021-03-06 16:41:42,A,200,23.93,SELL
2021-03-06 16:43:47,B,200,24.0,SELL
2021-03-06 16:46:45,B,200,23.88,BUY
2021-03-06 16:49:22,B,200,23.8,SELL
2021-03-06 16:52:51,B,100,23.86,SELL
2021-03-06 16:55:06,A,400,23.74,BUY
2021-03-06 16:59:46,A,100,23.87,BUY
2021-03-06 17:04:19,A,300,23.7,SELL
2021-03-06 17:08:05,B,200,23.84,SELL
2021-03-06 17:12:28,B,200,23.72,SELL
2021-03-06 17:12:52,A,500,23.78,SELL
2021-03-06 17:15:28,A,500,23.91,BUY
2021-03-06 17:18:58,A,200,23.8,BUY
2021-03-06 17:22:02,B,300,23.76,BUY
2021-03-06 17:22:57,B,200,23.76,BUY
2021-03-06 17:25:06,A,100,23.87,BUY
2021-03-06 17:30:05,A,300,23.97,BUY
2021-03-06 17:31:23,B,100,23.74,SELL
2021-03-06 17:33:38,B,200,23.71,SELL
2021-03-06 17:38:35,A,100,23.92,SELL
2021-03-06 17:43:29,B,400,23.97,BUY
2021-03-06 17:47:15,B,300,23.74,SELL
2021-03-06 17:50:20,B,300,23.87,SELL
2021-03-06 17:54:48,B,100,23.73,BUY
2021-03-06 17:57:47,B,300,23.71,BUY
2021-03-07 10:01:30,A,200,23.97,SELL
2021-03-07 10:05:59,B,300,23.86,SELL
2021-03-07 10:08:25,A,500,23.88,SELL
2021-03-07 10:12:00,A,500,24.0,BUY
2021-03-07 10:16:07,B,400,23.72,BUY
2021-03-07 10:18:15,B,100,23.85,SELL
2021-03-07 10:22:54,A,300,23.73,SELL
2021-03-07 10:26:01,B,100,23.98,BUY
2021-03-07 10:27:23,B,200,23.77,BUY
2021-03-07 10:28:38,B,300,23.75,SELL
2021-03-07 10:32:00,A,200,23.88,BUY
2021-03-07 10:32:33,A,300,23.88,BUY
2021-03-07 10:33:23,A,500,23.91,SELL
2021-03-07 10:35:33,A,300,23.77,BUY
2021-03-07 10:38:28,A,100,23.94,SELL
2021-03-07 10:43:09,A,100,23.95,BUY
2021-03-07 10:47:07,B,400,23.9,SELL
2021-03-07 10:50:18,B,300,23.8,BUY
2021-03-07 10:50:31,A,300,23.85,SELL
2021-03-07 10:51:51,A,400,23.94,BUY
2021-03-07 10:54:41,B,200,23.86,BUY
2021-03-07 10:58:20,A,100,23.75,SELL
2021-03-07 11:02:11,B,500,23.98,BUY
2021-03-07 11:03:27,B,400,23.72,SELL
2021-03-07 11:07:55,B,200,23.87,SELL
2021-03-07 11:08:50,B,100,23.98,SELL
2021-03-07 11:08:58,A,200,23.91,BUY
2021-03-07 11:11:31,A,100,23.91,BUY
2021-03-07 11:14:39,B,100,23.75,BUY
2021-03-07 11:15:32,A,500,23.83,BUY
2021-03-07 11:19:30,A,100,23.74,SELL
2021-03-07 11:22:56,A,200,23.7,SELL
2021-03-07 11:27:41,A,100,23.93,SELL
2021-03-07 11:31:14,B,200,23.98,BUY
2021-03-07 11:32:59,A,200,23.78,SELL
2021-03-07 11:34:44,B,200,23.88,SELL
2021-03-07 11:39:41,A,300,24.0,BUY
2021-03-07 11:44:22,A,500,23.73,SELL
2021-03-07 11:49:01,A,400,23.86,SELL
2021-03-07 11:53:55,A,300,23.81,SELL
2021-03-07 11:57:39,A,200,23.99,SELL
2021-03-07 11:59:44,A,100,23.82,SELL
2021-03-07 12:03:52,A,400,23.8,SELL
2021-03-07 12:08:12,B,400,23.88,BUY
2021-03-07 12:09:11,A,300,23.8,BUY
2021-03-07 12:11:00,B,300,23.75,BUY
2021-03-07 12:14:09,B,100,23.82,BUY
2021-03-07 12:19:08,B,300,23.74,SELL
2021-03-07 12:23:35,A,100,24.0,SELL
2021-03-07 12:25:17,A,300,23.78,BUY
2021-03-07 12:27:44,B,100,23.82,SELL
2021-03-07 12:30:21,A,100,23.78,SELL
2021-03-07 12:32:29,A,300,23.73,SELL
2021-03-07 12:36:41,A,400,23.8,SELL
2021-03-07 12:37:53,B,500,23.88,SELL
2021-03-07 12:40:52,A,100,23.99,BUY
2021-03-07 12:41:47,B,200,23.95,SELL
2021-03-07 12:42:40,B,100,23.98,SELL
2021-03-07 12:47:11,B,100,23.74,BUY
2021-03-07 12:51:53,B,100,23.95,BUY
2021-03-07 12:55:34,A,200,23.7,BUY
2021-03-07 12:56:37,A,400,23.99,BUY
2021-03-07 12:57:36,A,200,23.81,BUY
2021-03-07 12:59:31,B,100,23.78,BUY
2021-03-07 13:01:13,A,200,23.9,SELL
2021-03-07 13:02:06,B,300,23.99,SELL
2021-03-07 13:02:52,A,500,23.91,SELL
2021-03-07 13:04:38,B,200,23.99,BUY
2021-03-07 13:08:53,B,200,23.87,BUY
2021-03-07 13:10:44,A,300,23.99,BUY
2021-03-07 13:11:39,B,200,23.84,SELL
2021-03-07 13:14:39,B,100,23.73,SELL
2021-03-07 13:16:56,B,100,23.88,BUY
2021-03-07 13:17:10,B,200,23.88,SELL
2021-03-07 13:17:13,B,300,23.88,BUY
2021-03-07 13:19:20,B,300,23.8,SELL
2021-03-07 13:22:04,B,500,23.91,BUY
2021-03-07 13:25:16,A,300,23.9,SELL
2021-03-07 13:25:45,B,300,23.7,BUY
2021-03-07 13:27:55,A,200,23.9,BUY
2021-03-07 13:29:00,B,200,23.85,SELL
2021-03-07 13:32:08,B,100,23.86,SELL
2021-03-07 13:33:35,A,200,23.72,BUY
2021-03-07 13:38:11,B,300,23.88,BUY
2021-03-07 13:40:07,B,200,23.83,BUY
2021-03-07 13:43:48,B,100,23.9,SELL
2021-03-07 13:45:24,B,400,23.72,SELL
2021-03-07 13:45:45,B,200,23.72,BUY
2021-03-07 13:49:34,B,100,23.82,BUY
2021-03-07 13:51:40,B,100,23.92,BUY
2021-03-07 13:54:44,A,200,23.71,BUY
2021-03-07 13:57:43,B,100,23.9,BUY
2021-03-07 13:59:17,A,300,23.82,SELL
2021-03-07 14:01:50,B,200,23.77,BUY
2021-03-07 14:05:16,A,300,23.97,BUY
2021-03-07 14:06:28,B,300,23.89,SELL
2021-03-07 14:07:51,B,100,23.93,BUY
2021-03-07 14:12:38,B,400,23.97,BUY
2021-03-07 14:14:16,B,300,23.72,BUY
2021-03-07 14:17:20,B,100,23.89,SELL
2021-03-07 14:19:52,A,400,23.96,BUY
2021-03-07 14:21:01,B,300,24.0,SELL
2021-03-07 14:21:18,A,300,23.74,BUY
2021-03-07 14:25:35,B,500,23.92,SELL
2021-03-07 14:26:39,A,400,23.76,SELL
2021-03-07 14:28:09,A,200,23.96,BUY
2021-03-07 14:28:45,B,200,23.7,BUY
2021-03-07 14:32:59,A,100,23.76,SELL
2021-03-07 14:35:36,A,500,23.92,SELL
2021-03-07 14:36:07,B,400,23.99,SELL
2021-03-07 14:39:42,A,200,23.85,SELL
2021-03-07 14:39:48,A,200,23.85,SELL
2021-03-07 14:39:50,B,200,23.7,BUY
2021-03-07 14:41:03,A,300,23.85,SELL
2021-03-07 14:44:16,A,400,23.87,BUY
2021-03-07 14:48:10,B,500,24.0,SELL
2021-03-07 14:52:21,B,200,23.86,BUY
2021-03-07 14:54:27,A,100,23.86,SELL
2021-03-07 14:57:49,B,100,23.84,BUY
2021-03-07 14:57:52,B,300,23.84,SELL
2021-03-07 14:59:57,B,300,23.84,SELL
2021-03-07 15:00:01,A,100,23.97,SELL
2021-03-07 15:04:13,B,200,23.94,BUY
2021-03-07 15:07:44,A,300,23.76,SELL
2021-03-07 15:09:43,B,100,23.85,BUY
2021-03-07 15:10:19,A,100,23.91,BUY
2021-03-07 15:13:44,B,300,23.81,SELL
2021-03-07 15:15:27,B,300,23.82,BUY
2021-03-07 15:16:00,A,400,23.88,BUY
2021-03-07 15:19:23,B,300,23.75,SELL
2021-03-07 15:24:17,A,200,23.74,BUY
2021-03-07 15:27:03,A,100,23.83,SELL
2021-03-07 15:28:31,B,100,23.91,BUY
2021-03-07 15:31:36,A,100,23.91,SELL
2021-03-07 15:36:17,B,300,23.7,BUY
2021-03-07 15:39:17,A,100,23.88,SELL
2021-03-07 15:42:43,A,200,23.79,SELL
2021-03-07 15:46:48,A,200,23.94,SELL
2021-03-07 15:50:54,A,300,23.79,BUY
2021-03-07 15:52:59,B,400,23.85,SELL
2021-03-07 15:56:20,B,300,23.93,BUY
2021-03-07 15:57:18,B,100,23.84,BUY
2021-03-07 16:01:36,B,200,23.94,BUY
2021-03-07 16:05:42,B,400,23.91,SELL
2021-03-07 16:08:50,A,100,23.9,SELL
2021-03-07 16:11:21,A,400,23.72,SELL
2021-03-07 16:15:00,B,300,23.96,BUY
2021-03-07 16:17:00,A,100,23.76,SELL
2021-03-07 16:20:28,A,200,23.81,BUY
2021-03-07 16:24:39,B,100,23.88,BUY
2021-03-07 16:25:02,A,100,24.0,SELL
2021-03-07 16:25:58,B,300,23.85,SELL
2021-03-07 16:28:27,A,400,23.91,BUY
2021-03-07 16:29:18,A,300,23.81,SELL
2021-03-07 16:29:21,A,200,23.81,BUY
2021-03-07 16:33:17,B,400,23.78,BUY
2021-03-07 16:34:08,A,300,23.71,BUY
2021-03-07 16:38:18,B,400,23.86,SELL
2021-03-07 16:41:17,A,300,23.79,SELL
2021-03-07 16:42:29,A,400,23.8,BUY
2021-03-07 16:44:22,A,100,23.81,BUY
2021-03-07 16:46:01,A,200,23.7,SELL
2021-03-07 16:48:21,A,200,23.93,SELL
2021-03-07 16:49:55,B,100,23.93,BUY
2021-03-07 16:53:54,A,100,23.92,BUY
2021-03-07 16:55:29,B,100,23.99,BUY
2021-03-07 16:56:06,A,400,23.83,BUY
2021-03-07 16:59:28,B,300,23.71,BUY
2021-03-07 17:03:03,A,300,23.7,BUY
2021-03-07 17:05:52,A,500,23.78,BUY
2021-03-07 17:07:45,A,400,23.74,BUY
2021-03-07 17:11:41,B,400,23.94,SELL
2021-03-07 17:15:55,B,300,23.85,SELL
2021-03-07 17:17:25,A,100,23.76,BUY
2021-03-07 17:17:55,B,200,23.98,BUY
2021-03-07 17:21:30,A,300,23.97,BUY
2021-03-07 17:22:32,A,300,23.7,BUY
2021-03-07 17:23:35,A,200,23.84,SELL
2021-03-07 17:25:51,B,300,23.85,SELL
2021-03-07 17:26:02,A,200,23.78,BUY
2021-03-07 17:27:04,A,400,23.77,BUY
2021-03-07 17:32:35,A,400,23.86,SELL
2021-03-07 17:33:56,B,300,23.97,BUY
2021-03-07 17:33:59,A,200,23.74,SELL
2021-03-07 17:35:43,B,300,23.79,SELL
2021-03-07 17:37:42,A,200,23.83,SELL
2021-03-07 17:42:13,B,400,23.76,BUY
2021-03-07 17:43:49,A,500,23.97,SELL
2021-03-07 17:47:16,A,100,23.92,SELL
2021-03-07 17:49:58,B,200,23.77,SELL
2021-03-07 17:54:03,A,300,23.91,BUY
2021-03-07 17:56:34,B,200,23.97,SELL
2021-03-08 10:01:07,B,200,23.91,BUY
2021-03-08 10:04:26,B,400,23.82,BUY
2021-03-08 10:09:02,B,300,23.72,SELL
2021-03-08 10:13:24,B,200,23.82,SELL
2021-03-08 10:17:19,A,300,23.95,SELL
2021-03-08 10:19:12,B,100,23.74,BUY
2021-03-08 10:19:19,B,500,23.74,BUY
2021-03-08 10:21:54,B,100,23.98,BUY
2021-03-08 10:25:50,B,100,23.92,SELL
2021-03-08 10:26:45,A,300,23.75,SELL
2021-03-08 10:28:26,B,300,23.9,BUY
2021-03-08 10:32:49,A,400,23.92,SELL
2021-03-08 10:36:09,A,100,23.89,BUY
2021-03-08 10:41:07,B,100,23.98,BUY
2021-03-08 10:45:40,B,300,23.84,BUY
2021-03-08 10:47:06,B,100,23.98,SELL
2021-03-08 10:48:49,A,100,23.85,SELL
2021-03-08 10:52:45,B,400,23.97,SELL
2021-03-08 10:56:51,A,500,23.85,BUY
2021-03-08 10:57:50,A,300,23.71,BUY
2021-03-08 11:01:02,A,200,23.71,BUY
2021-03-08 11:04:25,B,100,23.92,SELL
2021-03-08 11:05:01,A,100,23.86,SELL
2021-03-08 11:07:57,A,200,23.75,BUY
2021-03-08 11:10:11,A,400,23.82,SELL
2021-03-08 11:12:27,B,200,23.78,SELL
2021-03-08 11:16:17,A,200,23.88,BUY
2021-03-08 11:20:16,B,200,23.83,SELL
2021-03-08 11:24:45,B,400,23.9,SELL
2021-03-08 11:28:48,B,500,23.97,BUY
2021-03-08 11:31:41,A,200,23.84,BUY
2021-03-08 11:33:08,A,100,23.95,BUY
2021-03-08 11:35:16,B,300,23.81,BUY
2021-03-08 11:38:01,A,200,23.81,SELL
2021-03-08 11:42:34,A,300,23.73,BUY
2021-03-08 11:42:51,B,200,23.81,SELL
2021-03-08 11:46:55,A,100,23.83,BUY
2021-03-08 11:51:38,A,200,23.94,SELL
2021-03-08 11:54:39,B,200,23.7,SELL
2021-03-08 11:59:05,B,200,23.87,BUY
2021-03-08 12:00:24,A,200,24.0,BUY
2021-03-08 12:04:26,B,400,23.86,SELL
2021-03-08 12:07:31,A,200,24.0,SELL
2021-03-08 12:09:09,A,200,23.84,BUY
2021-03-08 12:11:56,B,200,23.88,SELL
2021-03-08 12:13:39,A,500,23.81,SELL
2021-03-08 12:15:07,B,300,23.91,BUY
2021-03-08 12:18:10,B,200,23.97,SELL
2021-03-08 12:18:46,B,100,23.97,SELL
2021-03-08 12:23:20,A,400,23.89,SELL
2021-03-08 12:23:32,B,200,23.98,BUY
2021-03-08 12:25:10,B,200,23.98,SELL
2021-03-08 12:29:36,A,200,23.8,SELL
2021-03-08 12:30:25,B,500,23.99,BUY
2021-03-08 12:33:17,A,300,23.89,BUY
2021-03-08 12:36:23,B,100,23.76,SELL
2021-03-08 12:36:49,B,400,23.76,SELL
2021-03-08 12:41:15,A,200,24.0,SELL
2021-03-08 12:44:05,A,300,23.86,SELL
2021-03-08 12:44:25,A,200,23.86,SELL
2021-03-08 12:45:03,B,100,23.88,BUY
2021-03-08 12:46:56,B,100,23.86,SELL
2021-03-08 12:49:01,B,200,23.93,BUY
2021-03-08 12:49:37,B,200,23.93,SELL
2021-03-08 12:51:39,B,200,23.82,BUY
2021-03-08 12:52:02,A,200,23.88,BUY
2021-03-08 12:55:07,A,300,23.98,BUY
2021-03-08 12:56:53,A,300,23.73,BUY
2021-03-08 12:58:31,B,200,23.76,SELL
2021-03-08 13:03:07,A,300,23.91,BUY
2021-03-08 13:05:05,B,200,23.83,BUY
2021-03-08 13:06:50,B,300,23.83,BUY
2021-03-08 13:07:32,A,100,23.84,BUY
2021-03-08 13:08:19,A,100,23.8,SELL
2021-03-08 13:08:46,B,300,23.93,SELL
2021-03-08 13:10:30,B,500,23.98,BUY
2021-03-08 13:13:18,B,100,23.99,BUY
2021-03-08 13:16:30,B,400,23.7,SELL
2021-03-08 13:21:08,B,400,23.76,SELL
2021-03-08 13:25:18,A,200,23.78,BUY
2021-03-08 13:29:51,B,400,23.91,BUY
2021-03-08 13:32:03,A,400,23.95,BUY
2021-03-08 13:33:56,B,100,23.8,SELL
2021-03-08 13:37:21,B,200,23.8,SELL
2021-03-08 13:38:01,A,300,23.76,BUY
2021-03-08 13:41:50,A,400,23.76,SELL
2021-03-08 13:44:29,A,400,23.93,BUY
2021-03-08 13:47:57,B,100,23.89,SELL
2021-03-08 13:49:55,A,500,23.95,SELL
2021-03-08 13:51:47,B,300,23.91,BUY
2021-03-08 13:53:08,B,300,23.86,SELL
2021-03-08 13:57:17,A,400,23.71,BUY
2021-03-08 13:59:17,B,200,23.96,BUY
2021-03-08 14:02:57,A,400,23.97,SELL
2021-03-08 14:04:40,A,300,24.0,SELL
2021-03-08 14:07:37,B,200,23.85,SELL
2021-03-08 14:10:29,A,300,23.91,BUY
2021-03-08 14:15:12,A,300,23.86,BUY
2021-03-08 14:18:11,A,200,23.74,BUY
2021-03-08 14:21:38,B,200,23.75,BUY
2021-03-08 14:22:42,A,300,23.92,SELL
2021-03-08 14:26:28,B,200,23.84,SELL
2021-03-08 14:26:49,B,300,23.84,BUY
2021-03-08 14:28:26,B,200,23.96,SELL
2021-03-08 14:32:23,A,200,23.96,BUY
2021-03-08 14:34:26,A,300,23.7,SELL
2021-03-08 14:36:19,B,100,23.85,SELL
2021-03-08 14:39:22,B,300,23.82,BUY
2021-03-08 14:41:47,A,100,23.73,BUY
2021-03-08 14:43:41,A,300,23.74,SELL
2021-03-08 14:45:19,A,300,23.8,SELL
2021-03-08 14:48:53,A,300,23.74,SELL
2021-03-08 14:50:09,B,400,23.97,BUY
2021-03-08 14:53:02,A,500,23.88,BUY
2021-03-08 14:57:40,A,100,23.85,BUY
2021-03-08 15:00:06,B,300,23.79,SELL
2021-03-08 15:02:53,A,200,23.93,SELL
2021-03-08 15:07:29,A,100,23.75,SELL
2021-03-08 15:08:55,B,100,23.75,BUY
2021-03-08 15:13:33,B,200,23.88,SELL
2021-03-08 15:18:01,B,200,23.96,BUY
2021-03-08 15:19:49,B,300,24.0,BUY
2021-03-08 15:21:58,A,300,23.8,BUY
2021-03-08 15:24:09,B,300,23.97,SELL
2021-03-08 15:28:00,A,200,23.74,BUY
2021-03-08 15:29:36,A,300,23.86,SELL
2021-03-08 15:33:58,A,300,23.75,BUY
2021-03-08 15:36:04,A,400,23.72,SELL
2021-03-08 15:39:59,A,400,23.72,BUY
2021-03-08 15:41:39,A,200,23.87,SELL
2021-03-08 15:43:46,A,400,23.81,SELL
2021-03-08 15:45:21,A,100,23.96,SELL
2021-03-08 15:49:47,B,100,23.76,BUY
2021-03-08 15:54:45,A,200,23.97,SELL
2021-03-08 15:58:56,A,300,23.92,BUY
2021-03-08 16:03:45,B,300,23.73,SELL
2021-03-08 16:05:39,A,100,23.76,SELL
2021-03-08 16:05:40,A,100,23.76,BUY
2021-03-08 16:09:20,B,100,23.7,BUY
2021-03-08 16:12:27,A,500,23.99,SELL
2021-03-08 16:15:43,B,300,23.98,SELL
2021-03-08 16:19:59,B,100,24.0,SELL
2021-03-08 16:24:54,B,400,23.91,BUY
2021-03-08 16:26:31,A,300,23.96,BUY
2021-03-08 16:26:57,B,300,23.97,BUY
2021-03-08 16:30:37,A,400,23.93,BUY
2021-03-08 16:31:25,A,400,23.95,SELL
2021-03-08 16:32:44,B,100,23.82,SELL
2021-03-08 16:34:33,B,300,23.72,SELL
2021-03-08 16:34:42,A,200,23.87,SELL
2021-03-08 16:37:16,B,300,24.0,SELL
2021-03-08 16:41:44,B,300,24.0,BUY
2021-03-08 16:44:28,A,400,23.95,BUY
2021-03-08 16:46:14,B,100,23.98,SELL
2021-03-08 16:49:31,B,400,23.97,BUY
2021-03-08 16:54:27,B,300,23.99,SELL
2021-03-08 16:55:37,A,100,23.88,BUY
2021-03-08 17:00:24,B,300,23.83,SELL
2021-03-08 17:00:43,B,200,23.83,BUY
2021-03-08 17:03:52,A,300,23.85,BUY
2021-03-08 17:08:31,A,300,23.84,SELL
2021-03-08 17:12:30,B,200,23.92,SELL
2021-03-08 17:12:44,A,400,23.92,BUY
2021-03-08 17:15:58,B,200,23.77,BUY
2021-03-08 17:16:02,B,100,24.0,SELL
2021-03-08 17:20:56,A,500,23.73,SELL
2021-03-08 17:22:59,B,400,23.98,BUY
2021-03-08 17:27:40,A,300,23.87,SELL
2021-03-08 17:31:45,B,100,23.82,SELL
2021-03-08 17:34:35,A,200,23.83,BUY
2021-03-08 17:39:12,B,100,23.89,BUY
2021-03-08 17:42:56,B,100,23.93,SELL
2021-03-08 17:47:15,B,300,23.97,BUY
2021-03-08 17:48:40,B,300,23.91,BUY
2021-03-08 17:52:38,B,100,23.87,SELL
2021-03-08 17:57:18,B,300,23.9,SELL
2021-03-09 10:04:01,B,400,23.98,SELL
2021-03-09 10:07:20,A,300,23.89,BUY
2021-03-09 10:08:50,B,100,23.85,SELL
2021-03-09 10:10:09,B,100,23.86,SELL
2021-03-09 10:12:03,A,500,23.78,SELL
2021-03-09 10:13:06,A,300,23.95,BUY
2021-03-09 10:15:00,A,300,23.76,SELL
2021-03-09 10:15:51,B,200,23.96,BUY
2021-03-09 10:19:53,A,200,23.9,BUY
2021-03-09 10:23:21,B,100,23.99,BUY
2021-03-09 10:23:22,B,300,23.99,SELL
2021-03-09 10:24:16,A,200,23.93,BUY
2021-03-09 10:25:22,B,200,23.75,BUY
2021-03-09 10:29:26,A,200,23.7,SELL
2021-03-09 10:31:53,A,300,23.94,BUY
2021-03-09 10:34:21,A,300,23.71,SELL
2021-03-09 10:38:53,B,200,23.73,SELL
2021-03-09 10:42:50,A,200,23.96,SELL
2021-03-09 10:46:42,B,300,23.74,BUY
2021-03-09 10:48:36,B,100,23.76,BUY
2021-03-09 10:50:17,B,300,23.81,SELL
2021-03-09 10:55:09,A,300,23.72,BUY
2021-03-09 11:00:02,B,500,23.88,BUY
2021-03-09 11:03:05,B,100,23.81,BUY
2021-03-09 11:04:44,B,300,23.82,BUY
2021-03-09 11:09:36,B,100,23.94,SELL
2021-03-09 11:13:01,A,300,23.74,BUY
2021-03-09 11:16:56,B,200,23.92,SELL
2021-03-09 11:17:10,A,200,23.82,SELL
2021-03-09 11:17:15,A,400,23.82,SELL
2021-03-09 11:17:50,B,200,23.87,BUY
2021-03-09 11:21:36,A,300,23.73,SELL
2021-03-09 11:22:55,A,200,23.73,BUY
2021-03-09 11:23:20,A,100,23.82,SELL
2021-03-09 11:25:04,B,200,23.86,BUY
2021-03-09 11:27:09,B,100,23.95,BUY
2021-03-09 11:32:01,B,400,23.8,SELL
2021-03-09 11:34:15,B,200,23.87,SELL
2021-03-09 11:36:59,A,100,23.79,SELL
2021-03-09 11:41:18,A,100,23.8,BUY
2021-03-09 11:44:19,A,400,23.71,BUY
2021-03-09 11:45:31,B,200,23.86,BUY
2021-03-09 11:47:14,A,400,23.83,SELL
2021-03-09 11:47:52,A,200,23.83,SELL
2021-03-09 11:52:21,B,300,23.82,BUY
2021-03-09 11:56:15,A,400,23.8,SELL
2021-03-09 11:57:44,A,300,23.81,SELL
2021-03-09 12:01:54,A,300,23.91,SELL
2021-03-09 12:05:56,B,100,23.97,SELL
2021-03-09 12:09:35,B,400,23.89,SELL
2021-03-09 12:13:55,B,100,23.93,SELL
2021-03-09 12:15:07,B,300,23.92,SELL
2021-03-09 12:16:23,A,200,23.75,BUY
2021-03-09 12:20:24,B,100,23.72,BUY
2021-03-09 12:24:05,A,500,23.87,SELL
2021-03-09 12:24:35,B,300,23.79,SELL
2021-03-09 12:27:42,B,200,24.0,BUY
2021-03-09 12:29:32,B,300,23.8,BUY
2021-03-09 12:31:13,A,100,24.0,BUY
2021-03-09 12:34:23,A,100,23.79,BUY
2021-03-09 12:39:00,A,100,23.87,BUY
2021-03-09 12:39:49,A,100,23.87,SELL
2021-03-09 12:44:09,B,300,23.92,SELL
2021-03-09 12:44:31,B,100,23.92,SELL
2021-03-09 12:46:07,A,500,23.87,BUY
2021-03-09 12:47:34,A,100,23.94,BUY
2021-03-09 12:48:27,A,300,23.97,SELL
2021-03-09 12:50:05,A,100,23.75,BUY
2021-03-09 12:54:14,A,200,23.89,SELL
2021-03-09 12:54:16,B,100,23.85,SELL
2021-03-09 12:55:04,B,500,23.87,BUY
2021-03-09 12:57:20,A,100,23.96,BUY
2021-03-09 13:00:43,B,200,24.0,BUY
2021-03-09 13:05:05,B,400,23.85,SELL
2021-03-09 13:08:07,A,300,23.92,BUY
2021-03-09 13:09:55,A,300,23.76,SELL
2021-03-09 13:14:47,B,300,23.78,SELL
2021-03-09 13:18:00,A,300,23.78,SELL
2021-03-09 13:18:43,A,200,23.78,SELL
2021-03-09 13:19:01,A,300,23.94,SELL
2021-03-09 13:19:44,B,100,23.8,BUY
2021-03-09 13:20:25,A,200,23.71,SELL
2021-03-09 13:23:46,A,300,23.96,SELL
2021-03-09 13:25:03,A,100,23.94,SELL
2021-03-09 13:26:58,A,100,23.84,BUY
2021-03-09 13:27:16,B,300,23.88,BUY
2021-03-09 13:27:58,A,300,23.91,BUY
2021-03-09 13:29:12,A,200,23.72,SELL
2021-03-09 13:31:03,B,400,23.77,SELL
2021-03-09 13:33:28,A,200,23.94,SELL
2021-03-09 13:38:19,B,200,23.94,BUY
2021-03-09 13:39:07,B,300,23.93,BUY
2021-03-09 13:39:54,B,200,23.93,SELL
2021-03-09 13:40:24,B,300,23.97,BUY
2021-03-09 13:41:58,A,300,23.96,BUY
2021-03-09 13:46:14,A,200,23.74,BUY
2021-03-09 13:49:46,B,100,23.7,SELL
2021-03-09 13:50:12,B,100,23.9,BUY
2021-03-09 13:53:49,B,300,23.94,BUY
2021-03-09 13:54:17,B,100,23.83,BUY
2021-03-09 13:55:41,B,200,23.93,SELL
2021-03-09 13:57:59,B,300,23.85,SELL
2021-03-09 14:01:33,B,100,23.72,BUY
2021-03-09 14:04:57,B,100,23.8,SELL
2021-03-09 14:08:39,B,400,23.72,BUY
2021-03-09 14:09:25,B,300,23.82,BUY
2021-03-09 14:12:54,B,300,23.76,BUY
2021-03-09 14:14:52,A,100,23.82,BUY
2021-03-09 14:16:08,A,100,23.7,BUY
2021-03-09 14:16:39,B,100,23.98,BUY
2021-03-09 14:18:12,A,200,23.7,BUY
2021-03-09 14:21:37,B,100,23.95,BUY
2021-03-09 14:23:55,A,100,23.79,SELL
2021-03-09 14:28:01,A,500,23.73,SELL
2021-03-09 14:28:21,B,300,23.76,SELL
2021-03-09 14:28:54,B,300,23.76,BUY
2021-03-09 14:30:27,A,300,23.72,SELL
2021-03-09 14:31:35,B,100,23.85,SELL
2021-03-09 14:35:57,A,300,23.74,BUY
2021-03-09 14:36:43,B,200,23.72,SELL
2021-03-09 14:38:49,B,400,23.91,SELL
2021-03-09 14:41:24,B,100,23.94,SELL
2021-03-09 14:42:21,A,300,23.84,SELL
2021-03-09 14:45:44,A,200,23.9,BUY
2021-03-09 14:50:06,B,400,23.74,BUY
2021-03-09 14:53:17,A,100,23.88,BUY
2021-03-09 14:57:58,A,300,23.71,SELL
2021-03-09 15:01:44,B,300,23.87,BUY
2021-03-09 15:04:49,B,100,23.83,SELL
2021-03-09 15:06:32,A,300,23.85,BUY
2021-03-09 15:11:29,A,500,23.83,BUY
2021-03-09 15:12:18,A,300,23.81,SELL
2021-03-09 15:16:58,A,100,23.71,SELL
2021-03-09 15:17:47,A,400,23.8,SELL
2021-03-09 15:22:31,A,100,23.77,BUY
2021-03-09 15:23:23,A,100,23.81,SELL
2021-03-09 15:24:06,B,100,23.93,SELL
2021-03-09 15:24:26,B,200,23.93,BUY
2021-03-09 15:28:29,B,100,23.92,SELL
2021-03-09 15:30:20,B,400,23.83,BUY
2021-03-09 15:34:03,A,200,23.7,BUY
2021-03-09 15:34:06,A,100,23.7,SELL
2021-03-09 15:34:18,A,100,23.7,SELL
2021-03-09 15:38:57,B,300,23.78,BUY
2021-03-09 15:43:11,A,100,23.9,BUY
2021-03-09 15:44:00,A,100,23.8,SELL
2021-03-09 15:47:46,B,100,23.93,BUY
2021-03-09 15:47:50,A,200,23.94,BUY
2021-03-09 15:49:16,A,300,23.72,BUY
2021-03-09 15:50:35,A,200,23.71,BUY
2021-03-09 15:50:48,B,300,23.96,BUY
2021-03-09 15:54:43,B,100,23.73,BUY
2021-03-09 15:56:38,A,300,23.88,BUY
2021-03-09 15:59:38,B,100,23.89,SELL
2021-03-09 16:01:47,A,100,23.93,SELL
2021-03-09 16:03:10,A,100,23.9,BUY
2021-03-09 16:06:08,B,200,23.71,SELL
2021-03-09 16:06:25,B,100,23.71,SELL
2021-03-09 16:11:09,B,100,23.72,BUY
2021-03-09 16:13:34,B,100,23.73,SELL
2021-03-09 16:18:08,B,400,23.86,BUY
2021-03-09 16:19:12,B,500,23.97,SELL
2021-03-09 16:22:02,A,500,23.76,BUY
2021-03-09 16:26:53,A,300,23.99,BUY
2021-03-09 16:27:33,A,100,23.72,SELL
2021-03-09 16:31:50,A,300,23.74,SELL
2021-03-09 16:36:38,B,300,23.96,SELL
2021-03-09 16:37:36,A,200,23.8,BUY
2021-03-09 16:41:10,B,300,23.87,BUY
2021-03-09 16:43:42,B,100,23.91,SELL
2021-03-09 16:45:43,B,400,23.86,BUY
2021-03-09 16:48:40,A,200,23.96,SELL
2021-03-09 16:51:22,B,300,23.78,SELL
2021-03-09 16:53:43,B,500,23.78,BUY
2021-03-09 16:55:00,B,200,23.87,SELL
2021-03-09 16:55:22,A,300,23.78,SELL
2021-03-09 16:59:04,B,300,23.97,SELL
2021-03-09 17:03:34,A,300,23.83,BUY
2021-03-09 17:07:16,B,300,23.87,SELL
2021-03-09 17:10:06,B,300,23.99,BUY
2021-03-09 17:14:25,A,300,23.9,SELL
2021-03-09 17:15:26,A,200,23.7,SELL
2021-03-09 17:16:56,A,300,23.84,SELL
2021-03-09 17:21:42,B,300,23.9,SELL
2021-03-09 17:24:47,B,500,23.83,BUY
2021-03-09 17:25:45,A,100,23.88,BUY
2021-03-09 17:25:47,A,200,23.88,SELL
2021-03-09 17:27:12,B,200,23.97,SELL
2021-03-09 17:31:56,B,100,23.87,SELL
2021-03-09 17:34:25,B,200,23.74,SELL
2021-03-09 17:36:26,A,300,23.78,BUY
2021-03-09 17:39:21,A,500,23.92,SELL
2021-03-09 17:43:08,B,100,23.74,SELL
2021-03-09 17:43:27,A,300,23.97,SELL
2021-03-09 17:45:56,B,200,23.89,BUY
2021-03-09 17:49:24,A,400,23.94,BUY
2021-03-09 17:49:56,B,300,23.98,BUY
2021-03-09 17:52:45,B,100,23.99,SELL
2021-03-09 17:56:29,B,200,23.76,BUY
2021-03-09 17:58:46,B,200,23.95,BUY
2021-03-09 17:59:36,B,100,23.98,BUY
2021-03-10 10:04:03,B,200,23.8,SELL
2021-03-10 10:06:46,A,300,23.95,SELL
2021-03-10 10:08:49,A,400,23.74,BUY
2021-03-10 10:12:08,A,300,23.95,BUY
2021-03-10 10:16:51,A,500,23.92,SELL
2021-03-10 10:20:44,A,200,23.74,SELL
2021-03-10 10:22:13,B,300,23.99,SELL
2021-03-10 10:22:55,A,200,23.82,BUY
2021-03-10 10:25:50,A,100,23.79,BUY
2021-03-10 10:27:47,A,300,23.8,SELL
2021-03-10 10:29:48,B,300,23.79,BUY
2021-03-10 10:31:03,B,200,23.99,SELL
2021-03-10 10:32:03,B,100,23.74,BUY
2021-03-10 10:33:30,A,100,23.87,SELL
2021-03-10 10:36:15,B,400,23.79,SELL
2021-03-10 10:39:00,B,100,23.87,BUY
2021-03-10 10:42:57,A,400,23.84,BUY
2021-03-10 10:47:35,A,100,23.88,BUY
2021-03-10 10:48:48,A,300,23.94,SELL
2021-03-10 10:51:06,A,200,23.93,SELL
2021-03-10 10:51:55,A,200,23.93,BUY
2021-03-10 10:55:04,B,100,23.99,SELL
2021-03-10 10:59:46,B,200,23.84,SELL
2021-03-10 11:02:51,B,500,23.72,SELL
2021-03-10 11:07:12,A,300,23.95,BUY
2021-03-10 11:07:58,B,300,23.96,BUY
2021-03-10 11:09:20,A,200,23.79,BUY
2021-03-10 11:11:21,B,500,23.91,SELL
2021-03-10 11:12:49,B,300,23.8,BUY
2021-03-10 11:15:23,A,400,23.76,BUY
2021-03-10 11:19:41,A,200,23.86,SELL
2021-03-10 11:21:04,B,300,23.74,BUY
2021-03-10 11:23:42,B,300,23.8,BUY
2021-03-10 11:27:05,B,300,23.72,SELL
2021-03-10 11:31:16,A,100,23.77,BUY
2021-03-10 11:34:33,A,400,23.96,BUY
2021-03-10 11:38:33,B,200,23.84,SELL
2021-03-10 11:39:27,B,300,23.81,SELL
2021-03-10 11:42:42,B,300,24.0,SELL
2021-03-10 11:44:52,A,200,23.87,BUY
2021-03-10 11:46:58,A,200,23.71,SELL
2021-03-10 11:49:29,A,400,23.88,BUY
2021-03-10 11:50:08,B,100,23.81,BUY
2021-03-10 11:54:47,B,300,23.85,BUY
2021-03-10 11:56:22,A,300,23.79,BUY
2021-03-10 11:59:57,A,400,23.73,BUY
2021-03-10 12:02:57,B,400,23.84,SELL
2021-03-10 12:07:18,B,200,24.0,BUY
2021-03-10 12:08:08,A,200,23.94,SELL
2021-03-10 12:08:52,B,400,23.85,SELL
2021-03-10 12:09:52,B,300,23.76,BUY
2021-03-10 12:12:40,A,500,23.87,BUY
2021-03-10 12:15:47,A,200,24.0,SELL
2021-03-10 12:16:16,B,300,23.75,BUY
2021-03-10 12:16:40,B,100,23.75,SELL
2021-03-10 12:21:03,A,200,23.81,BUY
2021-03-10 12:24:25,B,300,23.8,SELL
2021-03-10 12:28:17,A,500,23.93,SELL
2021-03-10 12:30:39,B,100,23.87,BUY
2021-03-10 12:33:06,B,400,23.76,SELL
2021-03-10 12:33:40,A,100,23.81,BUY
2021-03-10 12:36:05,A,400,23.77,BUY
2021-03-10 12:37:53,A,400,23.82,BUY
2021-03-10 12:39:08,A,100,23.95,BUY
2021-03-10 12:39:32,B,200,23.87,BUY
2021-03-10 12:40:18,B,500,23.82,SELL
2021-03-10 12:44:54,A,400,23.72,BUY
2021-03-10 12:48:44,A,200,23.73,SELL
2021-03-10 12:50:56,B,200,23.82,SELL
2021-03-10 12:52:50,B,400,23.94,BUY
2021-03-10 12:54:02,B,200,23.94,SELL
2021-03-10 12:58:00,B,300,23.97,BUY
2021-03-10 12:58:03,B,100,23.97,SELL
2021-03-10 12:59:39,A,200,23.9,SELL
2021-03-10 13:01:41,A,400,23.88,SELL
2021-03-10 13:04:32,A,400,23.97,SELL
2021-03-10 13:08:51,B,200,23.75,SELL
2021-03-10 13:12:44,A,300,23.78,SELL
2021-03-10 13:13:23,A,300,23.79,SELL
2021-03-10 13:15:37,A,300,23.88,BUY
2021-03-10 13:17:14,B,200,23.94,SELL
2021-03-10 13:19:21,B,300,23.74,BUY
2021-03-10 13:21:48,A,200,23.97,SELL
2021-03-10 13:25:12,A,100,23.93,SELL
2021-03-10 13:27:17,A,400,23.83,SELL
2021-03-10 13:31:49,B,200,23.7,BUY
2021-03-10 13:35:02,A,300,23.91,BUY
2021-03-10 13:37:03,B,200,23.81,SELL
2021-03-10 13:38:42,B,400,23.72,BUY
2021-03-10 13:42:12,A,400,23.74,SELL
2021-03-10 13:44:15,A,100,23.75,BUY
2021-03-10 13:45:32,A,200,23.77,BUY
2021-03-10 13:46:54,B,500,23.83,BUY
2021-03-10 13:49:33,A,100,23.8,SELL
2021-03-10 13:51:55,A,200,23.77,BUY
2021-03-10 13:51:58,A,400,23.77,BUY
2021-03-10 13:55:44,A,300,24.0,BUY
2021-03-10 13:56:23,B,200,24.0,BUY
2021-03-10 14:00:57,B,100,23.8,SELL
2021-03-10 14:01:15,A,300,23.71,SELL
2021-03-10 14:04:12,A,100,23.84,BUY
2021-03-10 14:06:02,B,200,23.76,BUY
2021-03-10 14:09:02,B,500,23.81,SELL
2021-03-10 14:12:14,A,200,23.89,BUY
2021-03-10 14:15:17,A,300,23.74,BUY
2021-03-10 14:17:48,B,300,23.99,SELL
2021-03-10 14:20:05,B,300,23.77,SELL
2021-03-10 14:21:02,A,200,23.83,BUY
2021-03-10 14:24:54,B,100,23.93,SELL
2021-03-10 14:25:58,A,200,23.94,BUY
2021-03-10 14:27:45,A,300,23.72,BUY
2021-03-10 14:30:41,B,300,23.97,SELL
2021-03-10 14:32:13,A,400,23.84,SELL
2021-03-10 14:32:58,A,300,23.84,BUY
2021-03-10 14:34:23,B,100,23.8,SELL
2021-03-10 14:37:00,B,300,23.82,BUY
2021-03-10 14:41:22,B,200,23.85,SELL
2021-03-10 14:44:52,A,100,23.74,BUY
2021-03-10 14:46:49,B,100,23.82,BUY
2021-03-10 14:51:28,B,200,23.92,SELL
2021-03-10 14:51:54,B,300,23.92,BUY
2021-03-10 14:54:39,A,400,23.81,SELL
2021-03-10 14:56:08,B,100,23.84,BUY
2021-03-10 15:00:45,A,100,23.76,BUY
2021-03-10 15:01:37,A,200,23.79,SELL
2021-03-10 15:04:05,B,300,23.99,BUY
2021-03-10 15:06:06,A,300,23.78,BUY
2021-03-10 15:09:17,B,400,23.98,SELL
2021-03-10 15:09:29,A,400,23.96,SELL
2021-03-10 15:13:00,A,200,23.9,BUY
2021-03-10 15:15:53,B,200,23.91,SELL
2021-03-10 15:16:50,B,300,23.93,BUY
2021-03-10 15:18:04,A,200,23.9,SELL
2021-03-10 15:22:48,A,300,23.87,SELL
2021-03-10 15:27:10,A,100,23.75,BUY
2021-03-10 15:27:49,A,300,23.75,BUY
2021-03-10 15:30:13,A,400,23.95,SELL
2021-03-10 15:33:52,B,200,23.78,BUY
2021-03-10 15:35:50,A,200,23.93,BUY
2021-03-10 15:38:26,B,200,23.96,BUY
2021-03-10 15:40:58,A,100,23.83,SELL
2021-03-10 15:42:58,B,200,23.75,BUY
2021-03-10 15:43:07,A,200,23.94,SELL
2021-03-10 15:43:28,A,400,23.94,SELL
2021-03-10 15:43:54,A,400,23.94,SELL
2021-03-10 15:45:03,B,300,23.74,SELL
2021-03-10 15:47:36,B,200,23.71,SELL
2021-03-10 15:51:28,B,400,23.74,BUY
2021-03-10 15:52:23,B,400,23.93,BUY
2021-03-10 15:56:54,B,300,23.83,SELL
2021-03-10 16:00:51,A,200,23.74,SELL
2021-03-10 16:04:18,A,500,24.0,BUY
2021-03-10 16:08:14,A,300,23.73,BUY
2021-03-10 16:11:13,B,200,23.91,BUY
2021-03-10 16:15:19,B,100,23.91,BUY
2021-03-10 16:18:15,B,400,23.89,BUY
2021-03-10 16:18:36,A,200,23.75,SELL
2021-03-10 16:22:46,B,300,23.96,SELL
2021-03-10 16:27:23,A,300,23.96,SELL
2021-03-10 16:28:50,A,200,23.75,SELL
2021-03-10 16:28:59,A,400,23.75,SELL
2021-03-10 16:29:26,B,100,23.83,SELL
2021-03-10 16:33:43,A,100,23.94,BUY
2021-03-10 16:35:29,B,300,23.84,BUY
2021-03-10 16:38:17,A,300,23.74,SELL
2021-03-10 16:39:29,B,200,23.87,BUY
2021-03-10 16:44:22,B,200,23.97,SELL
2021-03-10 16:46:58,A,500,23.84,BUY
2021-03-10 16:49:30,A,300,23.89,BUY
2021-03-10 16:51:15,B,400,23.87,SELL
2021-03-10 16:53:23,B,100,23.87,BUY
2021-03-10 16:53:50,A,100,23.95,SELL
2021-03-10 16:57:43,B,200,23.83,BUY
2021-03-10 16:58:47,B,300,23.72,BUY
2021-03-10 17:01:09,B,100,23.73,BUY
2021-03-10 17:05:55,A,300,23.9,BUY
2021-03-10 17:10:15,B,200,23.81,SELL
2021-03-10 17:14:12,A,100,23.87,BUY
2021-03-10 17:15:32,B,300,23.76,SELL
2021-03-10 17:19:56,B,500,23.7,BUY
2021-03-10 17:19:57,A,100,23.71,BUY
2021-03-10 17:24:07,A,500,23.76,SELL
2021-03-10 17:24:11,B,300,23.88,SELL
2021-03-10 17:24:35,A,400,23.76,BUY
2021-03-10 17:26:23,A,500,23.86,SELL
2021-03-10 17:30:38,B,200,23.78,SELL
2021-03-10 17:30:52,B,300,23.78,BUY
2021-03-10 17:35:14,B,100,23.9,SELL
2021-03-10 17:36:08,A,300,23.7,SELL
2021-03-10 17:39:46,A,300,23.73,BUY
2021-03-10 17:42:43,A,100,23.86,BUY
2021-03-10 17:44:12,A,200,23.75,SELL
2021-03-10 17:47:16,B,200,23.81,BUY
2021-03-10 17:52:06,A,100,23.8,SELL
2021-03-10 17:53:17,B,300,23.91,BUY
2021-03-10 17:54:55,B,300,23.81,SELL
2021-03-10 17:58:08,B,300,23.7,SELL
2021-03-11 10:01:13,A,200,23.81,BUY
2021-03-11 10:02:30,A,300,23.77,BUY
2021-03-11 10:03:53,B,100,23.74,BUY
2021-03-11 10:04:19,A,500,23.96,SELL
2021-03-11 10:04:21,B,300,23.9,BUY
2021-03-11 10:04:37,A,300,23.96,SELL
2021-03-11 10:09:06,A,400,23.94,BUY
2021-03-11 10:13:24,B,400,23.71,BUY
2021-03-11 10:16:30,B,200,23.73,SELL
2021-03-11 10:17:12,B,200,23.75,SELL
2021-03-11 10:18:27,A,500,23.96,BUY
2021-03-11 10:21:04,A,300,23.93,SELL
2021-03-11 10:21:40,B,200,23.79,BUY
2021-03-11 10:21:52,A,300,23.93,BUY
2021-03-11 10:23:49,A,200,23.77,SELL
2021-03-11 10:26:44,B,100,23.93,SELL
2021-03-11 10:27:40,B,200,23.73,BUY
2021-03-11 10:27:46,A,300,23.83,SELL
2021-03-11 10:32:10,B,200,23.94,BUY
2021-03-11 10:32:54,B,300,23.94,SELL
2021-03-11 10:37:07,A,300,23.84,SELL
2021-03-11 10:39:51,A,100,23.96,SELL
2021-03-11 10:41:08,A,200,23.88,SELL
2021-03-11 10:43:36,B,300,23.74,SELL
2021-03-11 10:45:48,A,300,23.74,SELL
2021-03-11 10:49:56,B,400,23.81,SELL
2021-03-11 10:52:21,A,100,23.75,SELL
2021-03-11 10:55:54,A,300,23.93,BUY
2021-03-11 10:59:43,A,300,23.93,BUY
2021-03-11 11:01:04,A,100,23.95,BUY
2021-03-11 11:05:09,A,300,23.76,SELL
2021-03-11 11:08:35,A,100,23.98,SELL
2021-03-11 11:09:43,A,400,23.76,BUY
2021-03-11 11:14:39,A,300,23.83,BUY
2021-03-11 11:19:15,A,300,23.75,SELL
2021-03-11 11:21:46,B,100,23.88,SELL
2021-03-11 11:23:20,A,100,24.0,SELL
2021-03-11 11:28:00,B,100,23.74,BUY
2021-03-11 11:30:21,A,200,23.92,SELL
2021-03-11 11:32:23,A,200,23.91,BUY
2021-03-11 11:34:19,A,100,23.86,SELL
2021-03-11 11:35:45,A,400,23.86,SELL
2021-03-11 11:36:02,A,300,23.76,SELL
2021-03-11 11:36:31,B,400,23.79,SELL
2021-03-11 11:37:49,B,400,23.94,SELL
2021-03-11 11:37:53,A,500,23.8,BUY
2021-03-11 11:41:49,A,300,23.79,SELL
2021-03-11 11:44:44,B,100,23.77,SELL
2021-03-11 11:48:45,A,100,23.75,SELL
2021-03-11 11:53:10,A,500,23.93,BUY
2021-03-11 11:53:34,B,300,23.71,SELL
2021-03-11 11:56:45,A,400,23.78,BUY
2021-03-11 11:57:00,A,100,23.87,BUY
2021-03-11 11:58:42,A,300,23.95,BUY
2021-03-11 12:03:21,B,100,23.97,SELL
2021-03-11 12:04:56,A,300,23.7,BUY
2021-03-11 12:09:11,B,100,23.88,SELL
2021-03-11 12:13:15,A,200,23.97,BUY
2021-03-11 12:15:18,A,100,23.71,BUY
2021-03-11 12:18:22,B,200,23.86,BUY
2021-03-11 12:22:56,B,200,23.91,BUY
2021-03-11 12:23:32,B,200,23.94,BUY
2021-03-11 12:26:58,A,300,23.82,BUY
2021-03-11 12:30:01,B,200,23.81,BUY
2021-03-11 12:31:25,A,500,23.74,SELL
2021-03-11 12:33:55,A,200,23.99,SELL
2021-03-11 12:37:48,A,300,23.73,SELL
2021-03-11 12:41:54,A,300,23.87,BUY
2021-03-11 12:43:27,B,400,23.85,SELL
2021-03-11 12:44:26,A,200,23.99,SELL
2021-03-11 12:48:03,A,200,23.92,BUY
2021-03-11 12:48:32,B,300,23.82,SELL
2021-03-11 12:48:41,A,300,23.92,SELL
2021-03-11 12:52:13,A,100,23.92,BUY
2021-03-11 12:55:54,A,200,23.92,SELL
2021-03-11 12:59:30,A,300,23.91,SELL
2021-03-11 13:03:35,B,400,23.88,BUY
2021-03-11 13:08:24,B,100,23.81,SELL
2021-03-11 13:09:55,A,300,23.94,SELL
2021-03-11 13:13:42,A,300,23.77,SELL
2021-03-11 13:17:52,A,200,23.79,BUY
2021-03-11 13:20:29,A,100,23.94,SELL
2021-03-11 13:21:02,A,400,24.0,BUY
2021-03-11 13:25:35,A,200,23.83,SELL
2021-03-11 13:30:05,B,200,23.79,BUY
2021-03-11 13:34:55,B,300,23.82,SELL
2021-03-11 13:36:21,A,100,23.87,SELL
2021-03-11 13:38:47,A,200,23.75,BUY
2021-03-11 13:41:15,B,100,23.97,SELL
2021-03-11 13:45:10,B,100,23.86,SELL
2021-03-11 13:45:39,B,300,23.86,BUY
2021-03-11 13:46:55,B,400,23.97,SELL
2021-03-11 13:49:52,A,300,23.97,SELL
2021-03-11 13:50:00,B,200,23.86,BUY
2021-03-11 13:52:49,B,200,23.97,SELL
2021-03-11 13:53:47,B,400,23.94,BUY
2021-03-11 13:53:48,A,300,23.98,SELL
2021-03-11 13:54:59,B,300,23.71,SELL
2021-03-11 13:55:46,B,300,23.7,BUY
2021-03-11 13:58:07,B,400,23.83,SELL
2021-03-11 13:59:28,A,300,23.79,SELL
2021-03-11 14:02:59,B,300,23.82,BUY
2021-03-11 14:03:33,A,400,23.78,BUY
2021-03-11 14:05:14,A,200,23.88,SELL
2021-03-11 14:05:37,A,100,23.88,BUY
2021-03-11 14:07:18,B,500,23.73,BUY
2021-03-11 14:08:03,A,300,23.92,BUY
2021-03-11 14:10:18,B,200,23.92,SELL
2021-03-11 14:11:14,B,400,23.79,BUY
2021-03-11 14:15:16,B,300,23.92,BUY
2021-03-11 14:16:34,B,200,23.84,SELL
2021-03-11 14:20:22,B,100,23.92,SELL
2021-03-11 14:23:50,A,500,23.77,BUY
2021-03-11 14:24:13,B,300,23.87,SELL
2021-03-11 14:26:14,B,200,23.89,SELL
2021-03-11 14:31:05,A,200,23.98,BUY
2021-03-11 14:31:59,A,400,23.98,SELL
2021-03-11 14:35:47,B,100,23.92,SELL
2021-03-11 14:38:25,A,200,23.87,BUY
2021-03-11 14:39:57,A,300,23.75,SELL
2021-03-11 14:42:17,A,300,23.96,SELL
2021-03-11 14:43:45,A,100,23.7,SELL
2021-03-11 14:47:29,B,100,24.0,SELL
2021-03-11 14:51:10,B,300,23.76,SELL
2021-03-11 14:52:29,B,200,23.75,BUY
2021-03-11 14:57:05,B,200,23.71,SELL
2021-03-11 15:00:50,B,300,23.77,BUY
2021-03-11 15:04:50,A,400,23.91,SELL
2021-03-11 15:09:03,A,300,23.74,BUY
2021-03-11 15:11:53,A,400,23.74,SELL
2021-03-11 15:15:32,A,100,23.8,BUY
2021-03-11 15:15:34,B,300,23.82,BUY
2021-03-11 15:20:22,B,200,23.84,SELL
2021-03-11 15:20:43,A,100,23.91,SELL
2021-03-11 15:23:40,A,100,23.78,BUY
2021-03-11 15:26:55,B,300,23.93,BUY
2021-03-11 15:28:38,A,100,23.95,SELL
2021-03-11 15:31:01,B,300,23.9,BUY
2021-03-11 15:33:33,B,300,23.93,BUY
2021-03-11 15:34:00,A,400,23.9,BUY
2021-03-11 15:36:12,B,400,23.72,SELL
2021-03-11 15:37:25,A,100,23.89,SELL
2021-03-11 15:41:11,A,100,23.95,SELL
2021-03-11 15:41:31,B,500,24.0,BUY
2021-03-11 15:44:52,A,200,23.84,SELL
2021-03-11 15:48:00,B,100,23.93,SELL
2021-03-11 15:50:12,B,100,23.79,BUY
2021-03-11 15:50:52,B,200,23.79,BUY
2021-03-11 15:55:19,B,400,23.77,SELL
2021-03-11 15:56:47,B,400,23.92,BUY
2021-03-11 15:58:20,A,300,23.75,BUY
2021-03-11 16:02:24,A,300,23.99,BUY
2021-03-11 16:06:39,B,400,23.86,SELL
2021-03-11 16:07:05,A,300,23.79,BUY
2021-03-11 16:11:28,A,100,23.72,BUY
2021-03-11 16:14:08,B,400,23.87,BUY
2021-03-11 16:15:33,A,300,23.89,SELL
2021-03-11 16:18:50,B,200,23.99,BUY
2021-03-11 16:23:38,A,300,23.72,SELL
2021-03-11 16:27:10,A,300,23.85,BUY
2021-03-11 16:29:24,B,100,23.97,SELL
2021-03-11 16:30:59,A,100,23.83,BUY
2021-03-11 16:35:09,A,100,23.77,SELL
2021-03-11 16:38:45,A,300,23.77,BUY
2021-03-11 16:43:43,A,200,23.92,SELL
2021-03-11 16:47:05,B,400,23.71,SELL
2021-03-11 16:48:30,B,200,23.83,SELL
2021-03-11 16:50:43,B,500,23.84,BUY
2021-03-11 16:53:04,B,100,23.77,SELL
2021-03-11 16:55:11,B,500,23.78,BUY
2021-03-11 16:59:56,B,300,23.87,SELL
2021-03-11 17:03:33,A,400,23.77,BUY
2021-03-11 17:04:57,A,200,23.89,BUY
2021-03-11 17:07:09,B,200,23.87,BUY
2021-03-11 17:12:03,B,100,23.9,BUY
2021-03-11 17:12:38,B,200,23.9,BUY
2021-03-11 17:17:30,B,200,23.92,BUY
2021-03-11 17:19:17,A,400,23.73,SELL
2021-03-11 17:20:15,A,200,23.96,BUY
2021-03-11 17:24:16,B,300,23.97,SELL
2021-03-11 17:24:34,A,400,23.94,SELL
2021-03-11 17:24:47,B,100,23.97,SELL
2021-03-11 17:26:06,A,500,23.95,BUY
2021-03-11 17:26:21,B,400,23.88,BUY
2021-03-11 17:28:52,B,200,23.8,BUY
2021-03-11 17:30:58,A,500,23.94,SELL
2021-03-11 17:31:27,B,300,23.99,SELL
2021-03-11 17:34:26,B,400,23.92,SELL
2021-03-11 17:38:41,B,100,23.95,SELL
2021-03-11 17:42:23,B,100,24.0,BUY
2021-03-11 17:44:59,B,200,23.79,SELL
2021-03-11 17:49:14,A,100,23.86,SELL
2021-03-11 17:53:30,A,500,23.73,BUY
2021-03-11 17:56:15,A,100,23.75,BUY
2021-03-11 17:58:43,A,100,23.72,SELL
2021-03-12 10:01:56,B,500,23.76,SELL
2021-03-12 10:04:37,B,200,23.79,SELL
2021-03-12 10:05:06,A,200,23.73,SELL
2021-03-12 10:06:42,A,100,23.72,BUY
2021-03-12 10:09:17,B,200,23.99,SELL
2021-03-12 10:10:50,B,400,23.93,BUY
2021-03-12 10:11:55,A,100,23.83,SELL
2021-03-12 10:14:15,A,200,23.79,BUY
2021-03-12 10:17:33,A,500,23.98,SELL
2021-03-12 10:19:39,A,400,23.81,SELL
2021-03-12 10:23:23,A,300,23.97,SELL
2021-03-12 10:25:05,A,300,23.93,BUY
2021-03-12 10:25:44,A,500,23.93,BUY
2021-03-12 10:26:16,B,100,23.94,SELL
2021-03-12 10:27:33,B,400,23.94,SELL
2021-03-12 10:31:13,A,400,23.87,BUY
2021-03-12 10:36:11,B,500,23.81,BUY
2021-03-12 10:40:01,B,200,23.75,BUY
2021-03-12 10:40:39,B,300,23.75,SELL
2021-03-12 10:41:58,A,100,23.78,BUY
2021-03-12 10:44:48,B,500,23.72,SELL
2021-03-12 10:47:00,A,300,23.72,SELL
2021-03-12 10:47:23,A,400,23.72,SELL
2021-03-12 10:48:21,B,100,23.87,BUY
2021-03-12 10:50:02,A,200,23.87,BUY
2021-03-12 10:54:38,A,400,23.76,SELL
2021-03-12 10:58:23,B,400,23.74,SELL
2021-03-12 11:01:48,B,100,23.86,SELL
2021-03-12 11:03:57,A,100,23.75,BUY
2021-03-12 11:04:03,A,400,23.72,SELL
2021-03-12 11:07:49,B,300,23.83,BUY
2021-03-12 11:08:14,A,300,23.79,BUY
2021-03-12 11:11:15,A,300,23.91,BUY
2021-03-12 11:13:23,A,400,23.88,BUY
2021-03-12 11:14:17,A,300,23.88,BUY
2021-03-12 11:15:33,A,300,23.98,BUY
2021-03-12 11:15:47,B,400,24.0,SELL
2021-03-12 11:18:20,A,500,23.92,BUY
2021-03-12 11:23:08,B,100,23.9,SELL
2021-03-12 11:27:49,B,500,23.99,BUY
2021-03-12 11:29:18,A,100,23.76,BUY
2021-03-12 11:32:34,A,200,23.76,SELL
2021-03-12 11:36:02,A,200,23.78,SELL
2021-03-12 11:39:04,B,100,23.92,BUY
2021-03-12 11:40:56,B,400,23.78,SELL
2021-03-12 11:44:45,A,100,23.99,SELL
2021-03-12 11:47:50,A,100,23.7,BUY
2021-03-12 11:50:12,B,200,23.9,BUY
2021-03-12 11:52:11,A,100,23.91,BUY
2021-03-12 11:53:41,B,200,23.95,BUY
2021-03-12 11:57:06,B,100,23.71,SELL
2021-03-12 11:57:33,A,500,23.88,SELL
2021-03-12 12:02:27,B,300,23.76,SELL
2021-03-12 12:06:27,B,300,23.78,BUY
2021-03-12 12:09:18,B,100,23.83,SELL
2021-03-12 12:13:33,B,200,23.88,BUY
2021-03-12 12:16:04,A,100,23.93,BUY
2021-03-12 12:20:53,A,200,23.7,SELL
2021-03-12 12:23:17,B,300,23.82,BUY
2021-03-12 12:26:12,B,100,23.84,SELL
2021-03-12 12:29:45,B,400,23.87,BUY
2021-03-12 12:31:24,A,500,23.9,SELL
2021-03-12 12:36:16,A,300,23.99,SELL
2021-03-12 12:37:49,A,100,23.98,SELL
2021-03-12 12:39:51,A,100,23.81,SELL
2021-03-12 12:44:49,A,400,23.96,BUY
2021-03-12 12:48:00,B,300,23.98,SELL
2021-03-12 12:52:15,B,300,23.77,SELL
2021-03-12 12:53:05,A,100,23.76,SELL
2021-03-12 12:57:25,A,100,23.92,BUY
2021-03-12 13:02:17,B,300,23.99,BUY
2021-03-12 13:02:32,A,400,23.96,SELL
2021-03-12 13:07:06,A,400,23.81,SELL
2021-03-12 13:11:24,B,200,23.85,BUY
2021-03-12 13:13:25,B,200,23.77,SELL
2021-03-12 13:16:02,B,300,23.86,SELL
2021-03-12 13:18:50,B,400,23.76,BUY
2021-03-12 13:20:34,A,400,23.79,BUY
2021-03-12 13:22:19,A,500,23.88,BUY
2021-03-12 13:24:24,B,200,23.86,BUY
2021-03-12 13:26:28,A,100,23.72,BUY
2021-03-12 13:29:29,A,200,23.73,BUY
2021-03-12 13:31:29,B,300,23.77,BUY
2021-03-12 13:34:07,B,200,23.93,SELL
2021-03-12 13:34:16,B,300,23.93,BUY
2021-03-12 13:35:48,A,400,23.88,SELL
2021-03-12 13:39:59,A,300,23.89,BUY
2021-03-12 13:43:31,A,100,23.8,BUY
2021-03-12 13:45:02,A,300,23.78,SELL
2021-03-12 13:48:07,A,300,23.95,SELL
2021-03-12 13:50:07,B,300,23.97,BUY
2021-03-12 13:50:48,B,400,23.97,SELL
2021-03-12 13:53:20,B,500,23.77,BUY
2021-03-12 13:55:32,B,400,23.86,BUY
2021-03-12 13:57:11,A,300,23.92,SELL
2021-03-12 13:59:05,A,100,23.86,SELL
2021-03-12 14:00:23,B,100,23.9,SELL
2021-03-12 14:01:18,B,100,23.93,SELL
2021-03-12 14:05:01,A,200,23.89,SELL
2021-03-12 14:06:39,B,100,23.71,BUY
2021-03-12 14:10:07,A,200,23.72,BUY
2021-03-12 14:13:58,A,300,23.86,BUY
2021-03-12 14:14:40,A,300,23.98,SELL
2021-03-12 14:16:48,B,300,23.88,BUY
2021-03-12 14:19:10,A,100,23.96,SELL
2021-03-12 14:22:00,A,100,23.91,BUY
2021-03-12 14:25:24,B,200,23.98,SELL
2021-03-12 14:27:35,A,200,23.74,BUY
2021-03-12 14:28:38,B,400,23.92,SELL
2021-03-12 14:32:42,A,400,23.71,BUY
2021-03-12 14:35:54,B,100,23.74,BUY
2021-03-12 14:38:23,A,300,23.95,BUY
2021-03-12 14:39:21,A,200,23.81,SELL
2021-03-12 14:41:50,B,200,23.81,SELL
2021-03-12 14:46:39,B,100,23.71,BUY
2021-03-12 14:51:01,A,200,23.75,BUY
2021-03-12 14:54:25,B,100,23.97,SELL
2021-03-12 14:55:35,A,500,23.92,SELL
2021-03-12 14:57:17,A,200,23.73,BUY
2021-03-12 15:02:04,A,300,23.82,SELL
2021-03-12 15:03:38,A,200,23.85,BUY
2021-03-12 15:05:24,B,200,23.72,BUY
2021-03-12 15:10:10,A,100,23.96,SELL
2021-03-12 15:14:25,A,200,23.82,BUY
2021-03-12 15:19:15,A,200,23.96,BUY
2021-03-12 15:21:50,A,100,23.97,SELL
2021-03-12 15:23:15,B,300,23.83,BUY
2021-03-12 15:27:15,A,300,23.91,SELL
2021-03-12 15:32:00,A,500,23.96,BUY
2021-03-12 15:34:35,A,400,23.9,SELL
2021-03-12 15:37:16,B,500,23.85,SELL
2021-03-12 15:40:23,A,200,23.89,SELL
2021-03-12 15:44:00,A,100,23.72,BUY
2021-03-12 15:47:42,B,300,23.79,SELL
2021-03-12 15:50:51,A,500,24.0,BUY
2021-03-12 15:51:02,A,300,23.7,SELL
2021-03-12 15:55:34,A,500,23.78,SELL
2021-03-12 15:59:44,B,500,23.78,BUY
2021-03-12 16:04:09,B,200,23.71,SELL
2021-03-12 16:05:27,B,500,23.84,SELL
2021-03-12 16:10:17,B,100,23.98,BUY
2021-03-12 16:12:13,B,400,23.9,SELL
2021-03-12 16:15:31,B,100,23.79,SELL
2021-03-12 16:20:09,B,500,23.77,BUY
2021-03-12 16:21:48,A,200,24.0,BUY
2021-03-12 16:23:37,A,300,23.88,BUY
2021-03-12 16:24:06,B,400,23.93,SELL
2021-03-12 16:27:23,B,200,23.73,BUY
2021-03-12 16:29:50,A,300,23.92,SELL
2021-03-12 16:30:52,B,300,23.88,BUY
2021-03-12 16:33:53,B,400,23.84,BUY
2021-03-12 16:38:24,B,200,23.71,BUY
2021-03-12 16:42:32,A,300,23.77,SELL
2021-03-12 16:46:19,A,100,23.98,SELL
2021-03-12 16:49:24,A,100,23.79,SELL
2021-03-12 16:51:20,B,300,23.96,BUY
2021-03-12 16:54:49,A,100,23.98,BUY
2021-03-12 16:57:39,B,300,23.77,SELL
2021-03-12 16:57:58,A,100,23.89,SELL
2021-03-12 16:59:35,B,300,23.85,SELL
2021-03-12 17:02:38,B,100,23.82,SELL
2021-03-12 17:04:53,B,200,23.77,SELL
2021-03-12 17:09:07,B,200,23.96,SELL
2021-03-12 17:10:41,B,100,23.99,SELL
2021-03-12 17:15:06,A,100,23.71,BUY
2021-03-12 17:16:28,A,200,23.97,BUY
2021-03-12 17:20:07,B,100,23.86,BUY
2021-03-12 17:24:47,A,300,23.85,BUY
2021-03-12 17:27:57,A,300,23.74,SELL
2021-03-12 17:28:22,A,100,23.79,SELL
2021-03-12 17:29:37,B,300,23.89,BUY
2021-03-12 17:34:13,A,200,23.96,SELL
2021-03-12 17:35:59,B,500,23.89,BUY
2021-03-12 17:37:21,A,200,23.99,BUY
2021-03-12 17:41:01,B,100,23.77,SELL
2021-03-12 17:43:28,A,300,23.87,BUY
2021-03-12 17:47:16,A,300,23.87,BUY
2021-03-12 17:50:48,B,200,23.96,SELL
2021-03-12 17:54:24,A,400,23.82,BUY
2021-03-12 17:54:44,A,300,23.82,SELL
2021-03-12 17:56:56,B,200,23.91,BUY
2021-03-12 17:59:04,B,400,23.97,BUY
2021-03-13 10:01:44,B,100,23.72,BUY
2021-03-13 10:03:16,B,300,23.98,SELL
2021-03-13 10:05:37,B,300,23.91,BUY
2021-03-13 10:07:38,B,300,23.91,BUY
2021-03-13 10:10:31,B,100,23.72,SELL
2021-03-13 10:12:00,B,100,23.92,SELL
2021-03-13 10:15:57,B,100,23.76,SELL
2021-03-13 10:16:33,A,300,23.75,BUY
2021-03-13 10:21:30,B,300,23.77,SELL
2021-03-13 10:25:19,B,400,23.9,SELL
2021-03-13 10:27:51,A,100,23.94,BUY
2021-03-13 10:30:27,A,100,23.98,SELL
2021-03-13 10:31:27,B,200,23.87,SELL
2021-03-13 10:34:35,B,300,23.82,SELL
2021-03-13 10:36:16,A,100,23.96,BUY
2021-03-13 10:40:45,B,200,23.98,SELL
2021-03-13 10:42:42,B,200,23.78,BUY
2021-03-13 10:46:57,B,100,23.76,BUY
2021-03-13 10:47:14,B,400,23.99,SELL
2021-03-13 10:48:18,A,400,24.0,BUY
2021-03-13 10:52:42,A,500,23.92,SELL
2021-03-13 10:55:16,A,200,23.95,SELL
2021-03-13 10:56:20,B,300,23.72,SELL
2021-03-13 11:00:46,B,300,23.88,SELL
2021-03-13 11:03:09,B,100,23.98,SELL
2021-03-13 11:03:28,A,100,23.85,SELL
2021-03-13 11:08:08,B,200,23.85,SELL
2021-03-13 11:12:19,B,200,23.94,SELL
2021-03-13 11:15:29,B,400,23.81,BUY
2021-03-13 11:18:57,A,200,23.99,BUY
2021-03-13 11:19:31,B,300,23.86,SELL
2021-03-13 11:21:05,A,400,23.94,BUY
2021-03-13 11:24:10,B,500,23.72,BUY
2021-03-13 11:29:06,B,300,23.9,SELL
2021-03-13 11:31:56,B,100,23.97,BUY
2021-03-13 11:32:46,B,300,23.75,BUY
2021-03-13 11:35:33,A,500,24.0,BUY
2021-03-13 11:39:33,B,100,23.87,SELL
2021-03-13 11:39:54,A,400,23.9,SELL
2021-03-13 11:40:24,B,300,23.7,BUY
2021-03-13 11:42:19,A,100,23.99,BUY
2021-03-13 11:46:43,B,100,23.97,SELL
2021-03-13 11:49:45,B,200,23.99,SELL
2021-03-13 11:52:11,B,200,23.99,SELL
2021-03-13 11:54:54,A,400,23.86,BUY
2021-03-13 11:55:08,A,200,23.83,BUY
2021-03-13 11:57:36,A,400,23.95,SELL
2021-03-13 11:59:34,B,400,23.78,BUY
2021-03-13 12:01:17,A,300,23.95,BUY
2021-03-13 12:06:13,B,300,23.83,BUY
2021-03-13 12:08:47,B,400,23.94,BUY
2021-03-13 12:11:48,A,300,23.74,BUY
2021-03-13 12:13:46,A,500,23.98,SELL
2021-03-13 12:18:11,A,100,23.81,SELL
2021-03-13 12:18:46,B,400,24.0,BUY
2021-03-13 12:22:10,A,100,23.95,SELL
2021-03-13 12:22:59,A,400,23.95,SELL
2021-03-13 12:24:22,A,100,23.93,SELL
2021-03-13 12:28:13,A,300,23.77,SELL
2021-03-13 12:29:58,A,200,23.96,SELL
2021-03-13 12:33:37,A,200,23.78,SELL
2021-03-13 12:34:52,A,300,23.72,BUY
2021-03-13 12:36:02,A,200,23.86,SELL
2021-03-13 12:36:35,B,200,23.94,SELL
2021-03-13 12:37:00,A,100,23.91,SELL
2021-03-13 12:38:33,B,200,23.76,BUY
2021-03-13 12:43:21,A,300,24.0,SELL
2021-03-13 12:44:36,A,300,23.86,SELL
2021-03-13 12:46:50,B,400,23.74,SELL
2021-03-13 12:46:58,B,300,23.74,BUY
2021-03-13 12:48:04,B,300,23.77,SELL
2021-03-13 12:52:39,B,300,23.89,SELL
2021-03-13 12:56:44,B,100,23.86,SELL
2021-03-13 12:56:53,B,400,23.86,BUY
2021-03-13 12:59:57,A,100,23.73,BUY
2021-03-13 13:01:33,B,300,23.97,SELL
2021-03-13 13:04:45,B,200,23.93,BUY
2021-03-13 13:06:18,B,500,23.99,BUY
2021-03-13 13:07:05,B,200,23.81,BUY
2021-03-13 13:09:04,B,200,23.79,BUY
2021-03-13 13:10:13,A,100,23.74,SELL
2021-03-13 13:10:16,A,200,23.74,BUY
2021-03-13 13:10:19,A,200,23.74,SELL
2021-03-13 13:11:04,B,500,23.79,SELL
2021-03-13 13:13:36,A,100,23.92,BUY
2021-03-13 13:14:21,A,100,23.9,SELL
2021-03-13 13:16:01,B,300,23.73,BUY
2021-03-13 13:20:38,B,300,23.81,SELL
2021-03-13 13:25:07,A,200,23.81,BUY
2021-03-13 13:26:51,B,200,23.86,SELL
2021-03-13 13:28:16,B,400,23.75,BUY
2021-03-13 13:33:06,A,200,23.85,SELL
2021-03-13 13:33:29,B,300,23.94,SELL
2021-03-13 13:37:19,B,300,23.87,SELL
2021-03-13 13:40:10,A,200,23.93,BUY
2021-03-13 13:43:02,A,200,23.71,SELL
2021-03-13 13:45:10,A,300,23.98,BUY
2021-03-13 13:47:08,B,100,23.89,BUY
2021-03-13 13:51:07,B,500,23.79,SELL
2021-03-13 13:52:38,A,300,23.91,SELL
2021-03-13 13:55:20,B,100,23.94,BUY
2021-03-13 13:55:58,B,300,23.94,SELL
2021-03-13 13:58:32,A,300,23.86,BUY
2021-03-13 14:01:36,A,100,23.94,BUY
2021-03-13 14:04:39,A,100,23.73,SELL
2021-03-13 14:06:18,A,100,23.75,BUY
2021-03-13 14:09:29,A,400,23.78,SELL
2021-03-13 14:11:45,B,100,23.88,SELL
2021-03-13 14:12:42,B,400,23.94,SELL
2021-03-13 14:17:22,A,100,23.71,BUY
2021-03-13 14:17:31,B,100,23.7,BUY
2021-03-13 14:22:05,B,100,23.83,BUY
2021-03-13 14:26:10,A,100,24.0,SELL
2021-03-13 14:27:35,A,300,23.97,BUY
2021-03-13 14:27:41,A,100,23.97,BUY
2021-03-13 14:32:31,B,200,23.86,BUY
2021-03-13 14:36:08,A,400,23.85,BUY
2021-03-13 14:36:37,B,200,23.99,SELL
2021-03-13 14:41:13,B,400,23.78,BUY
2021-03-13 14:44:37,A,100,23.93,BUY
2021-03-13 14:49:28,B,500,23.8,BUY
2021-03-13 14:50:57,A,200,23.93,BUY
2021-03-13 14:51:19,A,400,23.9,BUY
2021-03-13 14:56:08,A,200,23.73,BUY
2021-03-13 14:56:28,A,100,23.73,SELL
2021-03-13 14:58:09,B,100,23.74,BUY
2021-03-13 15:01:34,B,200,23.9,BUY
2021-03-13 15:05:54,B,300,23.83,SELL
2021-03-13 15:07:40,A,500,23.82,SELL
2021-03-13 15:11:33,B,300,23.75,BUY
2021-03-13 15:12:13,A,100,23.81,SELL
2021-03-13 15:16:14,A,300,23.97,BUY
2021-03-13 15:17:54,B,300,23.85,SELL
2021-03-13 15:19:08,B,200,23.91,BUY
2021-03-13 15:19:12,B,200,23.91,BUY
2021-03-13 15:20:37,A,300,23.72,BUY
2021-03-13 15:23:13,B,500,23.77,BUY
2021-03-13 15:26:34,A,400,23.7,SELL
2021-03-13 15:30:39,B,200,24.0,BUY
2021-03-13 15:35:16,B,500,23.75,SELL
2021-03-13 15:37:20,B,200,23.98,BUY
2021-03-13 15:39:05,A,100,23.91,SELL
2021-03-13 15:43:37,A,100,23.85,SELL
2021-03-13 15:48:28,A,300,23.73,SELL
2021-03-13 15:49:05,B,200,23.7,SELL
2021-03-13 15:52:38,A,200,23.84,BUY
2021-03-13 15:57:27,B,400,23.96,BUY
2021-03-13 16:01:37,A,300,23.94,SELL
2021-03-13 16:05:22,B,300,23.83,SELL
2021-03-13 16:07:52,B,200,23.79,BUY
2021-03-13 16:12:44,A,300,23.94,BUY
2021-03-13 16:14:13,B,300,23.98,SELL
2021-03-13 16:14:57,B,300,23.98,SELL
2021-03-13 16:18:03,B,400,23.88,SELL
2021-03-13 16:18:16,B,200,23.88,BUY
2021-03-13 16:20:30,A,300,23.91,SELL
2021-03-13 16:21:24,B,400,23.94,BUY
2021-03-13 16:25:27,A,100,24.0,BUY
2021-03-13 16:27:33,A,400,23.78,SELL
2021-03-13 16:28:18,B,300,23.98,SELL
2021-03-13 16:33:06,A,200,23.81,SELL
2021-03-13 16:37:29,B,300,23.95,SELL
2021-03-13 16:41:23,B,500,23.73,SELL
2021-03-13 16:43:52,B,100,23.74,SELL
2021-03-13 16:48:38,A,100,23.77,BUY
2021-03-13 16:51:01,A,100,23.8,SELL
2021-03-13 16:52:14,B,100,23.96,BUY
2021-03-13 16:56:19,B,100,23.75,SELL
2021-03-13 16:59:23,A,300,23.71,BUY
2021-03-13 17:00:35,A,400,23.78,BUY
2021-03-13 17:02:14,A,200,23.85,SELL
2021-03-13 17:02:42,B,200,23.88,SELL
2021-03-13 17:04:55,B,100,23.92,SELL
2021-03-13 17:05:49,B,300,23.8,SELL
2021-03-13 17:10:42,B,400,23.73,BUY
2021-03-13 17:14:10,A,200,23.89,BUY
2021-03-13 17:16:10,B,400,23.87,SELL
2021-03-13 17:20:46,B,100,23.79,SELL
2021-03-13 17:23:16,A,100,23.82,BUY
2021-03-13 17:26:49,A,200,23.79,BUY
2021-03-13 17:29:10,A,100,23.9,BUY
2021-03-13 17:30:02,A,100,23.9,SELL
2021-03-13 17:31:08,B,500,23.87,BUY
2021-03-13 17:31:44,B,300,23.87,SELL
2021-03-13 17:36:12,A,300,23.94,SELL
2021-03-13 17:37:34,A,200,23.84,BUY
2021-03-13 17:38:14,B,200,23.82,SELL
2021-03-13 17:39:37,B,200,23.97,BUY
2021-03-13 17:44:35,A,200,23.93,BUY
2021-03-13 17:48:41,B,300,23.87,BUY
2021-03-13 17:53:16,A,400,23.88,BUY
2021-03-13 17:57:30,B,400,23.86,SELL
2021-03-14 10:03:19,B,300,23.86,BUY
2021-03-14 10:05:59,B,100,23.73,BUY
2021-03-14 10:10:49,A,300,23.94,SELL
2021-03-14 10:15:18,B,100,23.96,BUY
2021-03-14 10:17:11,A,200,23.73,BUY
2021-03-14 10:21:22,B,100,23.92,BUY
2021-03-14 10:23:09,B,300,23.94,SELL
2021-03-14 10:26:28,B,200,23.77,SELL
2021-03-14 10:27:57,A,200,23.92,BUY
2021-03-14 10:32:13,A,100,23.83,SELL
2021-03-14 10:34:27,B,500,23.75,BUY
2021-03-14 10:37:26,B,300,23.86,BUY
2021-03-14 10:41:49,B,300,23.84,SELL
2021-03-14 10:45:38,A,400,23.9,SELL
2021-03-14 10:48:13,A,400,23.76,SELL
2021-03-14 10:51:49,A,300,23.98,SELL
2021-03-14 10:53:26,A,300,23.74,SELL
2021-03-14 10:53:48,A,300,23.74,BUY
2021-03-14 10:56:15,B,400,23.92,SELL
2021-03-14 10:56:40,A,300,23.93,BUY
2021-03-14 10:59:14,B,300,23.78,BUY
2021-03-14 11:03:43,B,200,23.71,SELL
2021-03-14 11:05:11,B,200,23.73,SELL
2021-03-14 11:06:12,A,300,23.83,BUY
2021-03-14 11:10:55,A,500,23.72,SELL
2021-03-14 11:13:05,B,300,23.8,BUY
2021-03-14 11:16:47,A,300,23.92,SELL
2021-03-14 11:17:20,A,300,23.74,SELL
2021-03-14 11:17:54,B,100,23.73,BUY
2021-03-14 11:22:00,A,400,23.84,BUY
2021-03-14 11:24:01,A,100,23.92,BUY
2021-03-14 11:27:10,A,100,23.85,BUY
2021-03-14 11:27:37,B,200,23.78,SELL
2021-03-14 11:30:48,B,100,23.87,BUY
2021-03-14 11:33:04,A,100,23.93,SELL
2021-03-14 11:34:44,A,100,23.96,SELL
2021-03-14 11:36:41,B,200,23.76,BUY
2021-03-14 11:39:21,B,200,23.72,BUY
2021-03-14 11:39:58,A,100,23.9,SELL
2021-03-14 11:40:02,A,300,23.85,SELL
2021-03-14 11:40:31,A,300,23.85,BUY
2021-03-14 11:41:30,A,100,23.85,BUY
2021-03-14 11:41:48,B,200,23.71,BUY
2021-03-14 11:45:30,A,400,23.73,SELL
2021-03-14 11:48:43,A,200,23.81,BUY
2021-03-14 11:52:08,B,100,23.87,BUY
2021-03-14 11:56:57,A,200,23.7,SELL
2021-03-14 11:58:34,A,200,23.91,BUY
2021-03-14 12:00:11,B,300,23.88,BUY
2021-03-14 12:02:35,B,100,23.85,BUY
2021-03-14 12:06:55,A,300,23.86,BUY
2021-03-14 12:07:57,B,100,23.99,SELL
2021-03-14 12:08:14,B,100,23.86,BUY
2021-03-14 12:11:09,B,100,23.8,SELL
2021-03-14 12:12:31,A,400,23.99,SELL
2021-03-14 12:13:53,B,400,23.81,SELL
2021-03-14 12:18:01,B,200,23.93,SELL
2021-03-14 12:18:46,A,300,23.87,BUY
2021-03-14 12:18:53,A,300,23.87,SELL
2021-03-14 12:22:12,A,300,23.82,BUY
2021-03-14 12:25:30,B,300,23.82,SELL
2021-03-14 12:26:58,B,200,23.99,BUY
2021-03-14 12:28:09,B,100,23.75,BUY
2021-03-14 12:29:00,B,200,23.86,BUY
2021-03-14 12:29:07,B,300,23.86,BUY
2021-03-14 12:33:44,B,300,23.85,SELL
2021-03-14 12:36:58,B,400,23.91,SELL
2021-03-14 12:38:06,A,400,23.95,BUY
2021-03-14 12:40:12,B,400,23.7,BUY
2021-03-14 12:44:11,A,300,23.98,BUY
2021-03-14 12:46:19,B,400,23.92,BUY
2021-03-14 12:47:27,B,300,23.76,SELL
2021-03-14 12:49:00,B,300,23.84,SELL
2021-03-14 12:49:48,A,400,23.85,SELL
2021-03-14 12:54:11,A,200,23.99,SELL
2021-03-14 12:58:10,A,100,23.73,SELL
2021-03-14 13:01:12,B,400,23.88,SELL
2021-03-14 13:04:00,A,200,23.84,SELL
2021-03-14 13:06:34,B,100,23.98,BUY
2021-03-14 13:08:02,B,300,23.91,BUY
2021-03-14 13:11:17,B,200,23.89,SELL
2021-03-14 13:14:45,B,300,23.85,BUY
2021-03-14 13:14:59,B,300,23.85,BUY
2021-03-14 13:18:15,B,100,23.76,BUY
2021-03-14 13:19:52,B,200,23.84,BUY
2021-03-14 13:20:35,B,500,23.93,BUY
2021-03-14 13:20:37,A,400,23.84,BUY
2021-03-14 13:21:48,A,100,23.76,BUY
2021-03-14 13:24:51,B,100,23.74,SELL
2021-03-14 13:25:39,A,300,23.88,SELL
2021-03-14 13:29:52,A,100,23.7,BUY
2021-03-14 13:31:17,A,300,23.84,SELL
2021-03-14 13:32:49,A,300,23.76,BUY
2021-03-14 13:34:17,B,200,23.85,BUY
2021-03-14 13:37:20,B,500,23.81,SELL
2021-03-14 13:38:02,B,400,23.77,BUY
2021-03-14 13:38:32,A,200,23.94,SELL
2021-03-14 13:38:55,A,200,23.94,SELL
2021-03-14 13:39:11,B,100,23.77,BUY
2021-03-14 13:40:48,B,300,24.0,SELL
2021-03-14 13:41:38,B,200,23.74,BUY
2021-03-14 13:43:02,B,200,23.81,SELL
2021-03-14 13:43:33,A,100,23.95,SELL
2021-03-14 13:45:04,B,500,23.8,SELL
2021-03-14 13:46:51,A,500,23.81,BUY
2021-03-14 13:50:58,B,200,24.0,BUY
2021-03-14 13:51:37,A,300,24.0,SELL
2021-03-14 13:55:03,B,300,23.91,BUY
2021-03-14 13:56:12,B,200,23.99,BUY
2021-03-14 13:57:53,A,100,23.95,SELL
2021-03-14 14:01:13,B,100,23.83,BUY
2021-03-14 14:02:48,A,100,23.81,BUY
2021-03-14 14:03:06,B,100,23.72,SELL
2021-03-14 14:05:02,A,300,23.8,BUY
2021-03-14 14:08:44,A,400,23.78,BUY
2021-03-14 14:12:24,A,100,23.86,SELL
2021-03-14 14:14:16,B,100,23.98,SELL
2021-03-14 14:19:06,B,100,23.84,SELL
2021-03-14 14:23:56,B,100,23.8,BUY
2021-03-14 14:26:15,A,300,23.8,BUY
2021-03-14 14:31:13,A,100,23.82,BUY
2021-03-14 14:34:49,B,300,23.79,BUY
2021-03-14 14:39:23,B,400,23.76,SELL
2021-03-14 14:42:40,B,500,23.95,SELL
2021-03-14 14:45:48,B,200,23.86,BUY
2021-03-14 14:48:16,A,500,23.85,SELL
2021-03-14 14:48:47,B,200,23.77,BUY
2021-03-14 14:53:30,A,200,23.83,BUY
2021-03-14 14:55:20,A,300,23.91,SELL
2021-03-14 14:56:06,A,100,23.77,BUY
2021-03-14 15:00:50,B,100,23.79,SELL
2021-03-14 15:05:23,A,100,23.93,BUY
2021-03-14 15:06:24,A,300,23.81,BUY
2021-03-14 15:08:42,B,400,23.79,SELL
2021-03-14 15:11:44,A,300,24.0,BUY
2021-03-14 15:14:54,A,100,23.98,SELL
2021-03-14 15:17:16,B,200,23.98,BUY
2021-03-14 15:20:35,B,200,23.99,BUY
2021-03-14 15:22:03,B,400,23.73,BUY
2021-03-14 15:23:02,B,400,23.98,SELL
2021-03-14 15:26:56,B,300,23.86,SELL
2021-03-14 15:31:40,A,100,23.84,SELL
2021-03-14 15:35:47,A,100,23.91,BUY
2021-03-14 15:39:54,B,100,23.74,BUY
2021-03-14 15:41:45,A,300,23.84,BUY
2021-03-14 15:46:16,A,400,23.93,BUY
2021-03-14 15:51:05,B,200,23.86,BUY
2021-03-14 15:52:01,B,300,23.94,BUY
2021-03-14 15:56:28,B,100,23.89,SELL
2021-03-14 15:57:58,A,300,23.71,SELL
2021-03-14 16:00:42,A,100,23.82,BUY
2021-03-14 16:03:22,A,300,23.77,SELL
2021-03-14 16:07:44,A,200,23.91,SELL
2021-03-14 16:10:49,B,200,23.89,BUY
2021-03-14 16:13:20,A,400,23.71,BUY
2021-03-14 16:13:26,B,100,23.72,SELL
2021-03-14 16:16:20,B,300,23.73,BUY
2021-03-14 16:17:05,B,500,23.73,SELL
2021-03-14 16:20:55,B,200,23.79,SELL
2021-03-14 16:22:35,A,100,23.76,BUY
2021-03-14 16:23:26,B,100,23.95,BUY
2021-03-14 16:25:25,A,100,23.96,SELL
2021-03-14 16:29:18,B,300,23.74,BUY
2021-03-14 16:33:11,A,200,23.92,SELL
2021-03-14 16:36:28,B,100,23.8,BUY
2021-03-14 16:41:14,B,300,23.8,BUY
2021-03-14 16:44:42,A,300,23.99,SELL
2021-03-14 16:48:58,B,300,23.7,BUY
2021-03-14 16:53:52,A,400,24.0,SELL
2021-03-14 16:58:12,B,400,23.79,SELL
2021-03-14 17:01:32,B,100,23.94,BUY
2021-03-14 17:04:41,A,200,23.76,BUY
2021-03-14 17:05:58,B,300,23.76,BUY
2021-03-14 17:08:29,A,200,23.76,BUY
2021-03-14 17:10:56,B,300,23.85,SELL
2021-03-14 17:13:08,A,200,23.8,SELL
2021-03-14 17:17:14,A,300,23.75,BUY
2021-03-14 17:20:57,B,400,23.87,SELL
2021-03-14 17:22:09,A,100,23.86,BUY
2021-03-14 17:24:56,B,500,23.78,SELL
2021-03-14 17:25:53,A,100,23.89,BUY
2021-03-14 17:27:01,A,200,23.97,SELL
2021-03-14 17:27:08,B,300,23.8,BUY
2021-03-14 17:27:21,B,400,23.8,SELL
2021-03-14 17:28:32,B,200,23.95,BUY
2021-03-14 17:29:38,B,400,23.84,SELL
2021-03-14 17:32:39,A,100,23.78,SELL
2021-03-14 17:34:14,A,100,23.82,SELL
2021-03-14 17:37:52,A,300,23.87,SELL
2021-03-14 17:39:32,A,500,23.79,BUY
2021-03-14 17:39:35,A,200,23.79,BUY
2021-03-14 17:44:30,A,400,23.84,SELL
2021-03-14 17:45:36,B,500,23.89,SELL
2021-03-14 17:45:45,B,200,23.89,BUY
2021-03-14 17:47:10,A,100,23.92,BUY
2021-03-14 17:49:21,B,100,23.86,BUY
2021-03-14 17:53:34,A,300,23.92,SELL
2021-03-14 17:54:50,A,200,23.81,SELL
2021-03-14 17:59:29,B,300,23.91,SELL
2021-03-15 10:03:56,A,300,23.72,BUY
2021-03-15 10:06:32,B,300,23.96,BUY
2021-03-15 10:11:01,B,100,23.78,SELL
2021-03-15 10:14:57,A,500,23.76,SELL
2021-03-15 10:18:10,B,300,23.82,SELL
2021-03-15 10:22:35,A,300,23.71,SELL
2021-03-15 10:26:51,A,200,23.81,SELL
2021-03-15 10:29:44,A,300,23.99,BUY
2021-03-15 10:31:13,A,300,23.99,SELL
2021-03-15 10:35:56,B,300,23.84,SELL
2021-03-15 10:40:29,B,300,23.83,SELL
2021-03-15 10:43:18,A,100,23.96,BUY
2021-03-15 10:46:23,A,200,24.0,BUY
2021-03-15 10:48:12,B,400,23.73,BUY
2021-03-15 10:52:56,A,100,23.73,BUY
2021-03-15 10:57:23,B,400,23.91,SELL
2021-03-15 10:59:16,A,300,23.92,BUY
2021-03-15 11:01:20,A,200,23.81,BUY
2021-03-15 11:04:41,A,300,23.96,BUY
2021-03-15 11:05:23,B,300,23.96,BUY
2021-03-15 11:06:48,B,300,23.95,SELL
2021-03-15 11:08:14,A,400,23.89,SELL
2021-03-15 11:10:41,A,200,23.88,SELL
2021-03-15 11:12:16,A,400,23.78,SELL
2021-03-15 11:12:38,A,100,23.78,BUY
2021-03-15 11:13:41,A,500,23.72,BUY
2021-03-15 11:17:04,A,200,23.85,BUY
2021-03-15 11:18:15,B,400,23.79,BUY
2021-03-15 11:20:04,B,100,23.84,SELL
2021-03-15 11:24:04,A,300,23.78,BUY
2021-03-15 11:24:40,A,200,23.78,SELL
2021-03-15 11:28:28,B,300,23.81,SELL
2021-03-15 11:29:21,B,400,23.8,BUY
2021-03-15 11:30:27,B,100,23.87,BUY
2021-03-15 11:33:39,B,400,23.87,BUY
2021-03-15 11:37:22,A,100,23.72,BUY
2021-03-15 11:41:30,A,400,23.92,SELL
2021-03-15 11:46:16,B,100,23.89,BUY
2021-03-15 11:49:15,B,100,23.72,SELL
2021-03-15 11:52:40,B,100,23.78,BUY
2021-03-15 11:53:27,A,400,23.98,BUY
2021-03-15 11:54:45,B,300,23.71,BUY
2021-03-15 11:58:35,A,400,23.95,SELL
2021-03-15 12:01:09,A,100,23.96,SELL
2021-03-15 12:03:57,A,200,23.94,BUY
2021-03-15 12:04:47,B,100,23.86,BUY
2021-03-15 12:08:35,B,100,23.86,BUY
2021-03-15 12:13:30,B,300,23.91,SELL
2021-03-15 12:14:35,B,400,23.77,BUY
2021-03-15 12:18:53,A,300,23.8,BUY
2021-03-15 12:23:00,A,300,23.88,BUY
2021-03-15 12:27:31,B,100,23.86,BUY
2021-03-15 12:31:46,A,200,23.72,BUY
2021-03-15 12:32:36,B,100,23.94,BUY
2021-03-15 12:34:14,B,300,23.95,BUY
2021-03-15 12:38:50,A,200,23.87,BUY
2021-03-15 12:39:19,B,300,23.93,SELL
2021-03-15 12:40:43,A,300,23.77,SELL
2021-03-15 12:40:58,B,300,23.81,SELL
2021-03-15 12:44:35,B,300,23.7,BUY
2021-03-15 12:48:34,B,200,23.72,BUY
2021-03-15 12:53:13,B,200,23.81,BUY
2021-03-15 12:55:47,B,200,23.77,BUY
2021-03-15 12:59:17,B,300,24.0,SELL
2021-03-15 13:01:00,A,500,24.0,SELL
2021-03-15 13:03:04,A,200,23.85,SELL
2021-03-15 13:07:08,B,100,23.91,SELL
2021-03-15 13:10:30,B,300,23.77,BUY
2021-03-15 13:15:27,A,300,23.84,SELL
2021-03-15 13:19:22,A,100,23.75,SELL
2021-03-15 13:19:47,A,300,23.75,BUY
2021-03-15 13:24:00,A,400,23.81,SELL
2021-03-15 13:28:44,B,400,23.92,BUY
2021-03-15 13:30:01,B,300,23.75,SELL
2021-03-15 13:34:16,B,200,23.89,BUY
2021-03-15 13:37:44,A,100,23.85,BUY
2021-03-15 13:42:33,A,200,23.92,BUY
2021-03-15 13:42:58,A,100,23.92,BUY
2021-03-15 13:45:51,A,300,23.72,SELL
2021-03-15 13:50:43,B,400,23.98,BUY
2021-03-15 13:53:07,B,400,23.85,BUY
2021-03-15 13:55:00,B,400,23.84,SELL
2021-03-15 13:59:18,A,200,23.96,SELL
2021-03-15 14:01:59,A,100,23.82,SELL
2021-03-15 14:05:28,B,100,23.74,SELL
2021-03-15 14:06:29,A,300,23.81,BUY
2021-03-15 14:08:31,B,200,23.92,SELL
2021-03-15 14:11:18,B,400,23.75,BUY
2021-03-15 14:14:51,B,200,23.99,SELL
2021-03-15 14:17:50,A,100,23.81,BUY
2021-03-15 14:21:38,B,300,23.99,SELL
2021-03-15 14:22:48,B,500,23.89,BUY
2021-03-15 14:24:11,A,300,23.77,SELL
